@article{Nakayama1973,
  title = {Two-Photon Decay of the 1.76-MeV ${0}^{+}$ State of $^{90}\mathrm{Zr}$},
  author = {Nakayama, Yasuyuki},
  journal = {Phys. Rev. C},
  volume = {7},
  issue = {1},
  pages = {322--330},
  numpages = {0},
  year = {1973},
  month = {01},
  publisher = {American Physical Society},
  doi = {10.1103/PhysRevC.7.322},
  url = {https://link.aps.org/doi/10.1103/PhysRevC.7.322}
}
@article{Church1966,
  title = {Double Decay Processes in ${\mathrm{In}}^{114m}$},
  author = {Church, E. L. and Gerholm, T. R.},
  journal = {Phys. Rev.},
  volume = {143},
  issue = {3},
  pages = {879--894},
  numpages = {0},
  year = {1966},
  month = {03},
  publisher = {American Physical Society},
  doi = {10.1103/PhysRev.143.879},
  url = {https://link.aps.org/doi/10.1103/PhysRev.143.879}
}
@article{PhysRevLett.35.1333,
  title = {Two-Photon Decay of the 6.05-MeV State of $^{16}\mathrm{O}$},
  author = {Watson, B. A. and Bardin, T. T. and Becker, J. A. and Fisher, T. R.},
  journal = {Phys. Rev. Lett.},
  volume = {35},
  issue = {20},
  pages = {1333--1336},
  numpages = {0},
  year = {1975},
  month = {11},
  publisher = {American Physical Society},
  doi = {10.1103/PhysRevLett.35.1333},
  url = {https://link.aps.org/doi/10.1103/PhysRevLett.35.1333}
}
@article{PhysRevC.8.216,
  title = {Double Gamma Decay in $^{40}\mathrm{Ca}$},
  author = {Beardsworth, E. and Hensler, R. and Tape, J. W. and Benczer-Koller, N. and Darcey, W. and MacDonald, Jack R.},
  journal = {Phys. Rev. C},
  volume = {8},
  issue = {1},
  pages = {216--229},
  numpages = {0},
  year = {1973},
  month = {07},
  publisher = {American Physical Society},
  doi = {10.1103/PhysRevC.8.216},
  url = {https://link.aps.org/doi/10.1103/PhysRevC.8.216}
}
@article{PhysRev.56.1066,
  title = {On Pair Emission in the Proton Bombardment of Fluorine},
  author = {Oppenheimer, J. R. and Schwinger, J. S.},
  journal = {Phys. Rev.},
  volume = {56},
  issue = {10},
  pages = {1066--1067},
  numpages = {0},
  year = {1939},
  month = {11},
  publisher = {American Physical Society},
  doi = {10.1103/PhysRev.56.1066},
  url = {https://link.aps.org/doi/10.1103/PhysRev.56.1066}
}
@article{GRABOWSKI1962648,
title = {Search for two-quantum decay of In114m},
journal = {Nuclear Physics},
volume = {38},
pages = {648-653},
year = {1962},
issn = {0029-5582},
doi = {https://doi.org/10.1016/0029-5582(62)91075-1},
url = {https://www.sciencedirect.com/science/article/pii/0029558262910751},
author = {Z. Grabowski and S. Gustafsson and G. Bäckström}
}

@article{PhysRevC.1.1025,
  title = {Search for Double-Photon Decay in ${\mathrm{Zr}}^{90}$},
  author = {Vanderleeden, J. C. and Jastram, P. S.},
  journal = {Phys. Rev. C},
  volume = {1},
  issue = {3},
  pages = {1025--1035},
  numpages = {0},
  year = {1970},
  month = {03},
  publisher = {American Physical Society},
  doi = {10.1103/PhysRevC.1.1025},
  url = {https://link.aps.org/doi/10.1103/PhysRevC.1.1025}
}
@article{ASANO1973557,
title = {Double-photon decay in 90Zr nucleus},
journal = {Nuclear Physics A},
volume = {215},
number = {3},
pages = {557-569},
year = {1973},
issn = {0375-9474},
doi = {https://doi.org/10.1016/0375-9474(73)90488-0},
url = {https://www.sciencedirect.com/science/article/pii/0375947473904880},
author = {Y. Asano and C.S. Wu},
keywords = {Radioactivity}
}
@phdthesis{PhDWalz,
          school = {Technische Universit{\"a}t},
         address = {Darmstadt},
            year = {2014},
        language = {en},
           title = {The two-photon decay of the 11/2- isomer of 137Ba and mixed-symmetry states of 92,94Zr and 94Mo},
          author = {Christopher Walz},
       publisher = {Christopher Walz},
           month = {07},
        keywords = {two-photon decay, LaBr3-detectors, mixed-symmetry states, proton scattering, },
             url = {http://tuprints.ulb.tu-darmstadt.de/4056/}
}

@article{Schirmer-1984,
  title = {Double Gamma Decay in $^{40}\mathrm{Ca}$ and $^{90}\mathrm{Zr}$},
  author = {Schirmer, J. and Habs, D. and Kroth, R. and Kwong, N. and Schwalm, D. and Zirnbauer, M. and Broude, C.},
  journal = {Phys. Rev. Lett.},
  volume = {53},
  pages = {1897--1900},
  year = {1984},
  doi = {10.1103/PhysRevLett.53.1897},
  url = {https://link.aps.org/doi/10.1103/PhysRevLett.53.1897}
}

@article{Henderson-2014,
title = {Upper limit on the two-photon emission branch for the ${0}_{2}^{+}$ $\ensuremath{\rightarrow}$ ${0}_{1}^{+}$ transition in $^{98}\mathrm{Mo}$},
author = {Henderson, J. and Jenkins, D. G. and Davies, P. J. and Alcorta, M. and Carpenter, M. P. and Kay, B. P. and Lister, C. J. and Zhu, S.},
journal = {Physical Review C},
volume = {89},
pages = {064307},
year = {2014},
doi = {10.1103/PhysRevC.89.064307},
url = {https://link.aps.org/doi/10.1103/PhysRevC.89.064307},
}

@article{Walz-2015,
title = {Observation of the competitive double-gamma nuclear decay},
author = {C. Walz and H. Scheit and N. Pietralla and T. Aumann and R. Lefol and V. Yu. Ponomarev},
journal = {Nature}, 
volume = {526}, 
pages = {406--409},
year = {2015},
doi = {10.1038/nature15543},
url = {https://www.nature.com/articles/nature15543},
}

@article{Soederstroem-2020,
title = {Electromagnetic character of the competitive $\gamma\gamma/\gamma$-decay from $^{137\mathrm{m}}\mathrm{Ba}$},
author = {P.-A. S{\"o}derstr{\"o}m and L. Capponi and E. Acıks{\"o}z and T. Otsuka and N. Tsoneva and Y. Tsunoda and D. L. Balabanski and N. Pietralla and G. L. Guardo and D. Lattuada and H. Lenske and C. Matei and D. Nichita and A. Pappalardo and T. Petruse},
journal = {Nature Communications},
volume  = {11}, 
pages = {3242}, 
year = {2020},
doi = {10.1038/s41467-020-16787-4},
url = {https://www.nature.com/articles/s41467-020-16787-4},
}

@article{PhysRevLett.7.170,
  title = {Double Gamma Emission in the 6.06-Mev Monopole Transition of ${\mathrm{O}}^{16}$},
  author = {Gorodetzky, S. and Sutter, G. and Armbruster, R. and Chevallier, P. and Mennrath, P. and Scheibling, F. and Yoccoz, J.},
  journal = {Phys. Rev. Lett.},
  volume = {7},
  issue = {5},
  pages = {170--172},
  numpages = {0},
  year = {1961},
  month = {09},
  publisher = {American Physical Society},
  doi = {10.1103/PhysRevLett.7.170},
  url = {https://link.aps.org/doi/10.1103/PhysRevLett.7.170}
}

@article{PhysRev.135.B294,
  title = {Search for Double Gamma-Ray Emission from the First Excited States of ${\mathrm{O}}^{16}$ and ${\mathrm{C}}^{12}$},
  author = {Alburger, D. E. and Parker, P. D.},
  journal = {Phys. Rev.},
  volume = {135},
  issue = {2B},
  pages = {B294--B300},
  numpages = {0},
  year = {1964},
  month = {07},
  publisher = {American Physical Society},
  doi = {10.1103/PhysRev.135.B294},
  url = {https://link.aps.org/doi/10.1103/PhysRev.135.B294}
}

@article{PhysRevC.2.462,
  title = {Search for Double Gamma Emission from the First Excited States of ${\mathrm{Ca}}^{40}$ and ${\mathrm{Zr}}^{90}$},
  author = {Harihar, P. and Ullman, J. D. and Wu, C. S.},
  journal = {Phys. Rev. C},
  volume = {2},
  issue = {2},
  pages = {462--467},
  numpages = {0},
  year = {1970},
  month = {08},
  publisher = {American Physical Society},
  doi = {10.1103/PhysRevC.2.462},
  url = {https://link.aps.org/doi/10.1103/PhysRevC.2.462}
}

%extra 90
@article{Langhoff1961,
  author = {Langhoff, H. and Hennies, H.-H.},
  title = {Zum experimentellen Nachweis von Zweiquantenzerfall beim 0+-0+-Übergang des Zr90},
  journal = {Zeitschrift für Physik},
  volume = {164},
  number = {2},
  pages = {166--173},
  year = {1961},
  doi = {10.1007/BF01377806},
  issn = {0044-3328},
  url = {https://doi.org/10.1007/BF01377806},
}
@article{PhysRevLett.6.475,
  title = {Two-Photon De-Excitation of the 0+ Level in ${\mathrm{Zr}}^{90}$},
  author = {Ryde, Hans and Thieberger, Pedro and Alv\"ager, Torsten},
  journal = {Phys. Rev. Lett.},
  volume = {6},
  issue = {9},
  pages = {475--478},
  numpages = {0},
  year = {1961},
  month = {05},
  publisher = {American Physical Society},
  doi = {10.1103/PhysRevLett.6.475},
  url = {https://link.aps.org/doi/10.1103/PhysRevLett.6.475}
}
@article{refId0,
	author = {{Gorodetzky, S.} and {Sutter, G.} and {Armbruster, R.} and {Chevallier, P.} and {Mennrath, P.} and {Scheibling, F.} and {Yoccoz, J.}},
	title = {Recherche d'une double desexcitation $\gamma$ dans les transitions monopolaires de 16O, 40Ca et 90Zr},
	DOI= "10.1051/jphysrad:019610022010068800",
	url= "https://doi.org/10.1051/jphysrad:019610022010068800",
	journal = {J. Phys. Radium},
	year = 1961,
	volume = 22,
	number = 10,
	pages = "688-689",
}

@phdthesis{PHDSUTTER,
  author      = {Sutter, Gilbert},
  DOI= "10.1051/anphys/196313080323",
	url= "https://doi.org/10.1051/anphys/196313080323",
	journal = {Ann. Phys.},
  title       = {Étude expérimentale de la double émission gamma dans les transitions monopolaires des noyaux 16O, 40Ca et 90Zr},
  year        = {1963},
  volume = 13,
	number = 8,
	pages = "323-351"
}

@article{osti_4728283,
title = {SEARCH FOR THE TWO-PHOTON DECAY OF THE 1.76 Mev 0+ LEVEL IN Zr$sup 9$$sup 0$},
author = {Ryde, H},
url = {https://www.osti.gov/biblio/4728283}, journal = {Arkiv Fysik},
volume = 23,
place = {Country unknown/Code not available},
year = {1963},
month = {1}
} 

@article{VANDERLEEDEN196527,
title = {Search for double-photon decay in 90Zr},
journal = {Physics Letters},
volume = {19},
number = {1},
pages = {27-29},
year = {1965},
issn = {0031-9163},
doi = {https://doi.org/10.1016/0031-9163(65)90950-9},
url = {https://www.sciencedirect.com/science/article/pii/0031916365909509},
author = {J.C. Vanderleeden and P.S. Jastram}
}

%16 O
@article{PhysRev.125.639,
  title = {Nuclear Electric Monopole Transitions in ${\mathrm{O}}^{16}$, ${\mathrm{Ca}}^{40}$, ${\mathrm{Ge}}^{72}$, and ${\mathrm{Zr}}^{90}$},
  author = {Nessin, M. and Kruse, T. H. and Eklund, K. E.},
  journal = {Phys. Rev.},
  volume = {125},
  issue = {2},
  pages = {639--647},
  numpages = {0},
  year = {1962},
  month = {01},
  publisher = {American Physical Society},
  doi = {10.1103/PhysRev.125.639},
  url = {https://link.aps.org/doi/10.1103/PhysRev.125.639}
}

%others
@article{PhysRevLett.4.363,
  title = {Search for Double-Quantum Emission in the Decay of ${\mathrm{Xe}}^{131m}$},
  author = {Alv\"ager, Torsten and Ryde, Hans},
  journal = {Phys. Rev. Lett.},
  volume = {4},
  issue = {7},
  pages = {363--364},
  numpages = {0},
  year = {1960},
  month = {04},
  publisher = {American Physical Society},
  doi = {10.1103/PhysRevLett.4.363},
  url = {https://link.aps.org/doi/10.1103/PhysRevLett.4.363}
}
@phdthesis{aliabdulla,
  author      = {Ali A. Abdulla},
  school      = {Oklahoma State University},
  title       = {Nuclear spectroscopy studies in Xe$^{131m}$ and Sb$^{125}$},
  year        = {1969}
}
@article{MCCALLUM1960382,
title = {A search for double dipole de-excitation in C12},
journal = {Nuclear Physics},
volume = {20},
pages = {382-394},
year = {1960},
issn = {0029-5582},
doi = {https://doi.org/10.1016/0029-5582(60)90181-4},
url = {https://www.sciencedirect.com/science/article/pii/0029558260901814},
author = {G.J. McCallum and D.A. Bromley and J.A. Kuehner}
}

@article{Knauf1965,
  author = {Knauf, K. and Sommer, H.},
  title = {Suche nach Strahlungsprozessen zweiter Ordnung beim Zerfall von Ag109m},
  journal = {Zeitschrift für Physik},
  volume = {183},
  number = {1},
  pages = {10--24},
  year = {1965},
  doi = {10.1007/BF01384431},
  issn = {0044-3328},
  url = {https://doi.org/10.1007/BF01384431},
}
@article{85rb,
  author = {Jerbi\'{c}-Zorc, Gorjana and Ilakovac, Ksenofont and Kre\v{c}ak, Zvonko and Horvat, Vladimir}, year = {1990}, 
  pages = {413-422}, 
  keywords = {double gamma ray decay, coincidence measurements}, journal = {Fizika (Zagreb)}, volume = {22}, number = {2}, issn = {0015-3206}, title = {Decay of the 514-keV Metastable State in ⁸⁵Rb}, keyword = {double gamma ray decay, coincidence measurements}, url             = {https://www.bib.irb.hr:8443/525407} }

@article{109ag2, author = {Ilakovac, Ksenofont and Jerbi\'{c}-Zorc, Gorjana and Pe\v{s}i\'{c}, Roko and Horvat, Vladimir}, year = {1988}, pages = {91-98}, keywords = {double-photon decay, coincidence measurements}, journal = {Fizika}, volume = {20}, number = {1}, issn = {0015-3206}, title = {Search for double-photon decay of the Ag-109 metastable state at 88 keV}, keyword = {double-photon decay, coincidence measurements}, url = {https://www.bib.irb.hr:8443/525421} }

@article{ChurchGerholm,
  author = {Church, E. L. and Gerholm, T. R.},
  title = {Double Decay Processes in In$^{114m}$},
  affiliation = {Brookhaven National Laboratory, Upton, N. Y., and Pitman-Dunn Research Institute, Frankford Arsenal, Philadelphia, Pennsylvania and Institute of Physics, University of Stockholm},
  year = {1965},
  url             = {https://www.osti.gov/servlets/purl/4567165}
}

@misc{BralthwalteEtAl,
  author = {Bralthwalte, W. J. and Obst, A. W. and King, C. H.},
  title = {Double Gamma-Ray Decay Experiments Using the Nuclei of $^{90}$Zr, $^{16}$O, and $^{12}$C},
  year = {1973},
  url = {https://inis.iaea.org/collection/NCLCollectionStore/_Public/06/184/6184201.pdf}
}

@techreport{Simon1980,
  author = {Simon, R. S.},
  title = {The Darmstadt-Heidelberg crystal ball},
  institution = {GSI--80-2},
  year = {1980},
  address = {Germany},
  pages = {13},
  url = {https://hal.science/jpa-00220650/document},
}

@inproceedings{Metag1983,
  author = {Metag, V. and Habs, D. and Helmer, K. and v Helmolt, U. and Heyng, H. W. and Kolb, B. and Albrecht, R.},
  title = {The Darmstadt-Heidelberg-Crystal-Ball},
  booktitle = {Detectors in Heavy-Ion Reactions: Proceedings of the Symposium Commemorating the 100th Anniversary of Hans Geiger's Birth Held at the Hahn-Meitner-Institut für Kernforschung Berlin October 6–8, 1982},
  publisher = {Springer Berlin Heidelberg},
  year = {1983},
  pages = {163--178},
  url             = {https://link.springer.com/content/pdf/10.1007/3-540-12001-7_251.pdf}
}

@article{METAG1983331,
title = {Physics with 4π−γ-detectors},
journal = {Nuclear Physics A},
volume = {409},
pages = {331-342},
year = {1983},
issn = {0375-9474},
doi = {https://doi.org/10.1016/0375-9474(83)90695-4},
url = {https://www.sciencedirect.com/science/article/pii/0375947483906954},
author = {V. Metag and R.D. Fischer and W. Kühn and R. Mühlhans and R. Novotny and D. Habs and U.v. Helmolt and H.W. Heyng and R. Kroth and D. Pelte and D. Schwalm and W. Hennerici and H.J. Hennrich and G. Himmele and E. Jaeschke and R. Repnow and W. Wahl and E. Adelberger and A. Lazzarini and R.S. Simon and R. Albrecht and B. Kolb}
}