@article{Goeppert-1929,
author = {G{\"o}ppert, Maria},
title = {{\"U}ber die Wahrscheinlichkeit des Zusammenwirkens zweier Lichtquanten in einem Elementarakt}, 
journal = {Naturwissenschaften},
volume = {17},
pages = {932},
doi = {10.1007/BF01506585},
url = {https://doi.org/10.1007/BF01506585},
year = {1929}
}

@article{Goeppert-Mayer-1931,
author = {G{\"o}ppert-Mayer, Maria},
title = {{\"U}ber Elementarakte mit zwei Quantenspr{\"u}ngen},
journal = {Annalen der Physik},
volume = {401},
pages = {273-294},
doi = {10.1002/andp.19314010303},
url = {https://onlinelibrary.wiley.com/doi/abs/10.1002/andp.19314010303},
year = {1931}
}

@article{Grechukhin-1963,
title = {{Two-quantum transitions of atomic nuclei (II)}},
journal = {Nuclear Physics},
volume = {47},
pages = {273-292},
year = {1963},
doi = {10.1016/0029-5582(63)90873-3},
url = {https://www.sciencedirect.com/science/article/pii/0029558263908733},
author = {D.P. Grechukhin},
}

@article{Eichler-1974,
  title = {Comment on two-photon emission of x-rays},
  author = {Eichler, J\"org},
  journal = {Physical Review A},
  volume = {9},
  pages = {1762--1764},
  year = {1974},
  doi = {10.1103/PhysRevA.9.1762},
  url = {https://link.aps.org/doi/10.1103/PhysRevA.9.1762}
}

@article{Friar-1974,
title = {{Dispersion corrections to elastic electron scattering by 12C and 16O II. On the use of the closure approximation}},
journal = {Annals of Physics},
volume = {87},
pages = {289-326},
year = {1974},
doi = {10.1016/0003-4916(74)90038-4},
url = {https://www.sciencedirect.com/science/article/pii/0003491674900384},
author = {J.L Friar and M Rosen},
}

@article{Friar-1975,
title = {{Low-energy theorems for nuclear Compton and Raman scattering and $0^+\rightarrow 0^+$ two-photon decays in nuclei}},
journal = {Annals of Physics},
volume = {95},
pages = {170-201},
year = {1975},
doi = {10.1016/0003-4916(75)90049-4},
url = {https://www.sciencedirect.com/science/article/pii/0003491675900494},
author = {J.L Friar},
}

@article{Kramp-1987,
title = {{Nuclear two-photon decay in $0^+ \rightarrow 0^+$ transitions}},
journal = {Nuclear Physics A},
volume = {474},
pages = {412-450},
year = {1987},
doi = {10.1016/0375-9474(87)90625-7},
url = {https://www.sciencedirect.com/science/article/pii/0375947487906257},
author = {J. Kramp and D. Habs and R. Kroth and M. Music and J. Schirmer and D. Schwalm and C. Broude},
}

@article{Schirmer-1984,
  title = {Double Gamma Decay in $^{40}\mathrm{Ca}$ and $^{90}\mathrm{Zr}$},
  author = {Schirmer, J. and Habs, D. and Kroth, R. and Kwong, N. and Schwalm, D. and Zirnbauer, M. and Broude, C.},
  journal = {Phys. Rev. Lett.},
  volume = {53},
  pages = {1897--1900},
  year = {1984},
  doi = {10.1103/PhysRevLett.53.1897},
  url = {https://link.aps.org/doi/10.1103/PhysRevLett.53.1897}
}

@article{Heyde-2000,
  title = {Shape coexistence in atomic nuclei},
  author = {Heyde, Kris and Wood, John L.},
  journal = {Rev. Mod. Phys.},
  volume = {83},
  pages = {1467--1521},
  year = {2011},
  doi = {10.1103/RevModPhys.83.1467},
  url = {https://link.aps.org/doi/10.1103/RevModPhys.83.1467}
}

@article{Andreyev-2000,
title={A triplet of differently shaped spin-zero states in the atomic nucleus $^{186}\mathrm{Pb}$},
author = {A. N. Andreyev and M. Huyse and P. Van Duppen and L. Weissman and D. Ackermann and J. Gerl and F. P. Hessberger and S. Hofmann and A. Kleinb{\"o}hl and G. M{\"u}nzenberg and S. Reshitko and C. Schlegel and H. Schaffner and P. Cagarda and M. Matos and S. Saro and A. Keenan and C. Moore and C. D. O'Leary and R. D. Page and M. Taylor and H. Kettunen and M. Leino and A. Lavrentiev and R. Wyss and K. Heyde},
journal = {Nature},
volume = {405}, 
pages = {430--433},
year = {2000},
doi = {10.1038/35013012},
url ={https://www.nature.com/articles/35013012},
}

@article{Henderson-2014,
title = {Upper limit on the two-photon emission branch for the ${0}_{2}^{+}$ $\ensuremath{\rightarrow}$ ${0}_{1}^{+}$ transition in $^{98}\mathrm{Mo}$},
author = {Henderson, J. and Jenkins, D. G. and Davies, P. J. and Alcorta, M. and Carpenter, M. P. and Kay, B. P. and Lister, C. J. and Zhu, S.},
journal = {Physical Review C},
volume = {89},
pages = {064307},
year = {2014},
doi = {10.1103/PhysRevC.89.064307},
url = {https://link.aps.org/doi/10.1103/PhysRevC.89.064307},
}

@article{Walz-2015,
title = {Observation of the competitive double-gamma nuclear decay},
author = {C. Walz and H. Scheit and N. Pietralla and T. Aumann and R. Lefol and V. Yu. Ponomarev},
journal = {Nature}, 
volume = {526}, 
pages = {406--409},
year = {2015},
doi = {10.1038/nature15543},
url = {https://www.nature.com/articles/nature15543},
}

@article{Soederstroem-2020,
title = {Electromagnetic character of the competitive $\gamma\gamma/\gamma$-decay from $^{137\mathrm{m}}\mathrm{Ba}$},
author = {P.-A. S{\"o}derstr{\"o}m and L. Capponi and E. Acıks{\"o}z and T. Otsuka and N. Tsoneva and Y. Tsunoda and D. L. Balabanski and N. Pietralla and G. L. Guardo and D. Lattuada and H. Lenske and C. Matei and D. Nichita and A. Pappalardo and T. Petruse},
journal = {Nature Communications},
volume  = {11}, 
pages = {3242}, 
year = {2020},
doi = {10.1038/s41467-020-16787-4},
url = {https://www.nature.com/articles/s41467-020-16787-4},
}

@article{Garg-2023,
title = {{Atlas of nuclear isomers -- Second edition}},
journal = {Atomic Data and Nuclear Data Tables},
volume = {150},
pages = {101546},
year = {2023},
doi = {10.1016/j.adt.2022.101546},
url = {https://www.sciencedirect.com/science/article/pii/S0092640X22000468},
author = {Swati Garg and Bhoomika Maheshwari and Balraj Singh and Yang Sun and Alpana Goel and Ashok Kumar Jain}
}

@article{Franzke-2008,
author = {Franzke, Bernhard and Geissel, Hans and M{\"u}nzenberg, Gottfried},
title = {Mass and lifetime measurements of exotic nuclei in storage rings},
journal = {Mass Spectrometry Reviews},
volume = {27},
pages = {428-469},
doi = {10.1002/mas.20173},
url = {https://onlinelibrary.wiley.com/doi/abs/10.1002/mas.20173},
year = {2008},
}

@article{Sun-2005,
title = {Nuclear structure of the exotic mass region along the rp process path},
journal = {Nuclear Physics A},
volume = {758},
pages = {765-768},
year = {2005},
doi = {10.1016/j.nuclphysa.2005.05.138},
url = {https://www.sciencedirect.com/science/article/pii/S0375947405008067},
author = {Yang Sun and Michael Wiescher and Ani Aprahamian and Jacob Fisker},
}

@article{Kibedi-2022,
title = {Electric monopole transitions in nuclei},
journal = {Progress in Particle and Nuclear Physics},
volume = {123},
pages = {103930},
year = {2022},
doi = {10.1016/j.ppnp.2021.103930},
url = {https://www.sciencedirect.com/science/article/pii/S0146641021000910},
author = {T. Kibedi and A.B. Garnsworthy and J.L. Wood},
}

@article{Bouchez-2003,
  title = {New Shape Isomer in the Self-Conjugate Nucleus $^{\mathrm{72}}\mathrm{K}\mathrm{r}$},
  author = {Bouchez, E. and Matea, I. and Korten, W. and Becker, F. and Blank, B. and Borcea, C. and Buta, A. and Emsallem, A. and de France, G. and Genevey, J. and Hannachi, F. and Hauschild, K. and H\"urstel, A. and Le Coz, Y. and Lewitowicz, M. and Lucas, R. and Negoita, F. and  Santos, F. de Oliveira and Pantelica, D. and Pinston, J. and Rahkila, P. and Rejmund, M. and Stanoiu, M. and Theisen, Ch.},
  journal = {Phys. Rev. Lett.},
  volume = {90},
  pages = {082502},
  year = {2003},
  doi = {10.1103/PhysRevLett.90.082502},
  url = {https://link.aps.org/doi/10.1103/PhysRevLett.90.082502}
}

@article{Ayangeakaa-2016,
title = {{Shape coexistence and the role of axial asymmetry in 72Ge}},
journal = {Physics Letters B},
volume = {754},
pages = {254-259},
year = {2016},
doi = {10.1016/j.physletb.2016.01.036},
url = {https://www.sciencedirect.com/science/article/pii/S0370269316000538},
author = {A.D. Ayangeakaa and R.V.F. Janssens and C.Y. Wu and J.M. Allmond and J.L. Wood and S. Zhu and M. Albers and S. Almaraz-Calderon and B. Bucher and M.P. Carpenter and C.J. Chiara and D. Cline and H.L. Crawford and H.M. David and J. Harker and A.B. Hayes and C.R. Hoffman and B.P. Kay and K. Kolos and A. Korichi and T. Lauritsen and A.O. Macchiavelli and A. Richard and D. Seweryniak and A. Wiens},
}

@article{Schatz-1998,
title = {rp-process nucleosynthesis at extreme temperature and density conditions},
journal = {Physics Reports},
volume = {294},
pages = {167-263},
year = {1998},
doi = {10.1016/S0370-1573(97)00048-3},
url = {https://www.sciencedirect.com/science/article/pii/S0370157397000483},
author = {H. Schatz and A. Aprahamian and J. G{\"o}rres and M. Wiescher and T. Rauscher and J.F. Rembges and F.-K. Thielemann and B. Pfeiffer and P. M{\"o}ller and K.-L. Kratz and H. Herndl and B.A. Brown and H. Rebel},
}

@article{Litvinov-2003,
title = "Observation of a dramatic hindrance of the nuclear decay of isomeric states for fully ionized atoms",
journal = "Physics Letters B",
volume = "573",
pages = "80 - 85",
year = "2003",
doi = "10.1016/j.physletb.2003.08.077",
url = "http://www.sciencedirect.com/science/article/pii/S0370269303013479",
author = "Yu.A Litvinov and F Attallah and K Beckert and F Bosch and D Boutin and M Falch and B Franzke and H Geissel and M Hausmann and Th Kerscher and O Klepper and H.-J Kluge and C Kozhuharov and K.E.G L{\"o}bner and G M{\"u}nzenberg and F Nolden and Yu.N Novikov and Z Patyk and T Radon and C Scheidenberger and J Stadlmann and M Steck and M.B Trzhaskovskaya and H Wollnik",
}

    \bibitem{Kibedi08} 
    T. Kib\'edi et al., Nuclear Instruments and Methods in Physics Research A 589, 202–229 (2008).
    \bibitem{Freire} D. Freire et al., to be published
    \bibitem{Brown} A. Brown

@article{Steck-2020,
  title={Heavy-ion storage rings and their use in precision experiments with highly charged ions},
  author={Steck, Markus and Litvinov, Yuri A},
  journal={Progress in Particle and Nuclear Physics},
  pages={103811},
  year={2020},
  volume = {115},
  publisher={Elsevier},
  doi = {10.1016/j.ppnp.2020.103811},
  url={https://doi.org/10.1016/j.ppnp.2020.103811}
}

@article{NOLDEN2011,
title = {A fast and sensitive resonant Schottky pick-up for heavy ion storage rings},
journal = {Nuclear Instruments and Methods in Physics Research Section A: Accelerators, Spectrometers, Detectors and Associated Equipment},
volume = {659},
number = {1},
pages = {69-77},
year = {2011},
issn = {0168-9002},
doi = {https://doi.org/10.1016/j.nima.2011.06.058},
url = {https://www.sciencedirect.com/science/article/pii/S016890021101182X},
author = {F. Nolden and P. Hülsmann and Yu.A. Litvinov and P. Moritz and C. Peschke and P. Petri and M.S. Sanjari and M. Steck and H. Weick and J.X. Wu and Y.D. Zang and S.H. Zhang and T.C. Zhao},
}

@article{Sanjari_2013,
doi = {10.1088/0031-8949/2013/T156/014088},
url = {https://dx.doi.org/10.1088/0031-8949/2013/T156/014088},
year = {2013},
publisher = {IOP Publishing},
volume = {2013},
number = {T156},
pages = {014088},
author = {M S Sanjari and P Hülsmann and F Nolden and A Schempp and J X Wu and D Atanasov and F Bosch and C Kozhuharov and Yu A Litvinov and P Moritz and C Peschke and P Petri and D Shubina and M Steck and H Weick and N Winckler and Y D Zang and T C Zhao},
title = {A resonant Schottky pickup for the study of highly charged ions in storage rings},
journal = {Physica Scripta},
}

@article{Sanjari-410,
    author = {Sanjari, M. S. and Dmytriiev, D. and Litvinov, Yu. A. and Gumenyuk, O. and Hess, R. and Joseph, R. and Litvinov, S. A. and Steck, M. and Stöhlker, Th.},
    title = "{A 410 MHz resonant cavity pickup for heavy ion storage rings}",
    journal = {Review of Scientific Instruments},
    volume = {91},
    number = {8},
    pages = {083303},
    year = {2020},
    month = {08},
    issn = {0034-6748},
    doi = {10.1063/5.0009094},
    url = {https://doi.org/10.1063/5.0009094}
}

@article{iqtools,
  title = {Iqtools: {{Collection}} of Code for Working with Offline Complex Valued Time Series Data in {{Python}}},
  shorttitle = {Iqtools},
  author = {Sanjari, M. S.},
  year = {2023},
  journal = {Zenodo},
  volume = {7615693},
  doi = {10.5281/zenodo.7615693},
  url = {https://zenodo.org/record/7615693}
}

@article{rionid,
    author= {Freire-Fernández, David and Hudson-Chang, George},
    title= {{RionID: Collection of code for the identification of ringed ions in Python}},
    shorttitle = {RionID},
    year = {2023},
    journal = {Zenodo},
    volume = {8169341},
    doi = {10.5281/zenodo.8169341},
    url = {https://zenodo.org/record/8169341}
}

@article{iso1,
   author = {Hausmann, M. and Attallah, F. and Beckert, K. and Bosch, F. and Dolinskiy, A. and Eickhoff, H. and Falch, M. and Franczak, B. and Franzke, B. and Geissel, H. and Kerscher, Th and Klepper, O. and Kluge, H. J. and Kozhuharov, C. and Löbner, K. E. G. and Münzenberg, G. and Nolden, F. and Novikov, Yu N. and Radon, T. and Schatz, H. and Scheidenberger, C. and Stadlmann, J. and Steck, M. and Winkler, T. and Wollnik, H.},
   title = {First isochronous mass spectrometry at the experimental storage ring ESR},
   journal = {Nuclear Instruments and Methods in Physics Research Section A: Accelerators, Spectrometers, Detectors and Associated Equipment},
   volume = {446},
   number = {3},
   pages = {569-580},
   ISSN = {0168-9002},
   DOI = {http://dx.doi.org/10.1016/S0168-9002(99)01192-4},
   url = {http://www.sciencedirect.com/science/article/pii/S0168900299011924},
   year = {2000},
   type = {Journal Article}
}

@misc{ENSDF, 
   author = "{Brookhaven~National~Laboratory}",
   title = "{Evaluated Nuclear Structure Data File}. https://www.nndc.bnl.gov/ensdf/",
   year = {2020}, 
   url = {https://www.nndc.bnl.gov/ensdf/}
}

@article{AME-2020,
	doi = {10.1088/1674-1137/abddaf},
	url = {https://doi.org/10.1088/1674-1137/abddaf},
	year = 2021,
	publisher = {{IOP} Publishing},
  journal = {Chinese Physics C},
	volume = {45},
	number = {3},
	pages = {030003},
	author = {Meng Wang and W.J. Huang and F.G. Kondev and G. Audi and S. Naimi},
	title = {The {AME} 2020 atomic mass evaluation ({II}). Tables, graphs and references},
	note = {The numerical table used was taken from the Atomic Mass Data Center: {\url{https://www-nds.iaea.org/amdc/}}}
}

@article{EOS,
  title = {Neutron Matter at Next-to-Next-to-Next-to-Leading Order in Chiral Effective Field Theory},
  author = {Tews, I. and Kr\"uger, T. and Hebeler, K. and Schwenk, A.},
  journal = {Phys. Rev. Lett.},
  volume = {110},
  issue = {3},
  pages = {032504},
  numpages = {5},
  year = {2013},
  publisher = {American Physical Society},
  doi = {10.1103/PhysRevLett.110.032504},
  url = {https://link.aps.org/doi/10.1103/PhysRevLett.110.032504}
}


@article{NeutronSkin,
  title = {Complete Electric Dipole Response and the Neutron Skin in $^{208}\mathrm{Pb}$},
  author = {Tamii, A. and Poltoratska, I. and von Neumann-Cosel, P. and Fujita, Y. and Adachi, T. and Bertulani, C. A. and Carter, J. and Dozono, M. and Fujita, H. and Fujita, K. and Hatanaka, K. and Ishikawa, D. and Itoh, M. and Kawabata, T. and Kalmykov, Y. and Krumbholz, A. M. and Litvinova, E. and Matsubara, H. and Nakanishi, K. and Neveling, R. and Okamura, H. and Ong, H. J. and \"Ozel-Tashenov, B. and Ponomarev, V. Yu. and Richter, A. and Rubio, B. and Sakaguchi, H. and Sakemi, Y. and Sasamoto, Y. and Shimbara, Y. and Shimizu, Y. and Smit, F. D. and Suzuki, T. and Tameshige, Y. and Wambach, J. and Yamada, R. and Yosoi, M. and Zenihiro, J.},
  journal = {Phys. Rev. Lett.},
  volume = {107},
  issue = {6},
  pages = {062502},
  numpages = {5},
  year = {2011},
  publisher = {American Physical Society},
  doi = {10.1103/PhysRevLett.107.062502},
  url = {https://link.aps.org/doi/10.1103/PhysRevLett.107.062502}
}

@article{ROMEO,
title = {$\gamma\gamma$ decay as a probe of neutrinoless $\beta\beta$ decay nuclear matrix elements},
journal = {Physics Letters B},
volume = {827},
pages = {136965},
year = {2022},
issn = {0370-2693},
doi = {https://doi.org/10.1016/j.physletb.2022.136965},
url = {https://www.sciencedirect.com/science/article/pii/S0370269322000995},
author = {B. Romeo and J. Menéndez and C. {Peña Garay}},
abstract = {We study double gamma (γγ) decay nuclear matrix elements (NMEs) for a wide range of nuclei from titanium to xenon, and explore their relation to neutrinoless double-beta (0νββ) NMEs. To favor the comparison, we focus on double-magnetic dipole transitions in the final ββ nuclei, in particular the γγ decay of the double isobaric analog of the initial ββ state into the ground state. For the decay with equal-energy photons, our large-scale nuclear shell model results show a good linear correlation between the γγ and 0νββ NMEs. Our analysis reveals that the correlation holds for γγ transitions driven by the spin or orbital angular momentum due to the dominance of zero-coupled nucleon pairs, a feature common to 0νββ decay. Our shell-model findings point out the potential of future γγ decay measurements to constrain 0νββ NMEs, which are key to answer fundamental physics questions based on 0νββ experiments.}
}

@article{Trageser_2015,
doi = {10.1088/0031-8949/2015/T166/014062},
url = {https://dx.doi.org/10.1088/0031-8949/2015/T166/014062},
year = {2015},
month = {nov},
publisher = {IOP Publishing},
volume = {2015},
number = {T166},
pages = {014062},
author = {C Trageser and C Brandau and C Kozhuharov and Yu A Litvinov and A Müller and F Nolden and S Sanjari and T Stöhlker},
title = {A new data acquisition system for Schottky signals in atomic physics experiments at GSI's and FAIR's storage rings},
journal = {Physica Scripta}
}

@article{CSReIso,
  title = {First application of combined isochronous and Schottky mass spectrometry: Half-lives of fully ionized $^{49}\mathrm{Cr}^{24+}$ and $^{53}\mathrm{Fe}^{26+}$ atoms},
  author = {Tu, X. L. and Chen, X. C. and Zhang, J. T. and Shuai, P. and Yue, K. and Xu, X. and Fu, C. Y. and Zeng, Q. and Zhou, X. and Xing, Y. M. and Wu, J. X. and Mao, R. S. and Mao, L. J. and Fang, K. H. and Sun, Z. Y. and Wang, M. and Yang, J. C. and Litvinov, Yu. A. and Blaum, K. and Zhang, Y. H. and Yuan, Y. J. and Ma, X. W. and Zhou, X. H. and Xu, H. S.},
  journal = {Phys. Rev. C},
  volume = {97},
  issue = {1},
  pages = {014321},
  numpages = {5},
  year = {2018},
  month = {Jan},
  publisher = {American Physical Society},
  doi = {10.1103/PhysRevC.97.014321},
  url = {https://link.aps.org/doi/10.1103/PhysRevC.97.014321}
}

@article{GSIreport,
  title = {A new resonator Schottky pick-up for short-lived nuclear investigations},
  author = {B. Sun and R. Kn{\"o}bel and N. Kuzminchuk and H. Weick and N. Winckler and S. Ayet and K. Blaum and F. Bosch and R.B. Cakirli and I. Dillmann and C. Dimopoulou and A. Estrad{\'e} and F. Farinon and H. Geissel and P. H{\"u}lsmann and C. Jesch and C. Kozhuharov and J. Kurcewicz and S.A. Litvinov and Yu.A. Litvinov and I. Mukha and C. Nociforo and F. Nolden and P. Petri and S. Pietri and W.R. Pla{\ss} and A. Prochazka and M.W. Reed and B. Riese and M.S. Sanjari and D. Shubina and C. Scheidenberger and M. Steck and Th. St{\"o}hler and X. Tu and P.M. Walker and M. Winkler and J.S. Winfield},
  journal = {GSI Sci. Rep.},
volume={2010},
year = {2011}, 
  pages = 163,
}

@article{Trotscher-1992,
title = "Mass measurements of exotic nuclei at the {ESR}",
journal = "Nucl. Instr. Meth. B",
volume = "70",
pages = "455 - 458",
year = "1992",
doi = "10.1016/0168-583X(92)95965-T",
url = "http://www.sciencedirect.com/science/article/pii/0168583X9295965T",
author = "J. Tr{\"o}tscher and K. Balog and H. Eickhoff and B. Franczak and B. Franzke and Y. Fujita and H. Geissel and Ch. Klein and J. Knollmann and A. Kraft and K.E.G. L{\"o}bner and A. Magel and G. M{\"u}nzenberg and A. Przewloka and D. Rosenauer and H. Sch{\"a}fer and M. Sendor and D.J. Vieira and B. Vogel and Th. Winkelmann and H. Wollnik",
}

@article{Mei-2010,
title = "A high performance Time-of-Flight detector applied to isochronous mass measurement at {CSRe}",
journal = "Nucl. Instr. Meth. A",
volume = "624",
pages = "109 - 113",
year = "2010",
doi = "10.1016/j.nima.2010.09.001",
url = "http://www.sciencedirect.com/science/article/pii/S0168900210019145",
author = "Bo Mei and Xiaolin Tu and Meng Wang and Hushan Xu and Ruishi Mao and Zhengguo Hu and Xinwen Ma and Youjin Yuan and Xueying Zhang and Peng Geng and Peng Shuai and Yongdong Zang and Shuwen Tang and Peng Ma and Wan Lu and Xinshuai Yan and Jiawen Xia and Guoqing Xiao and Zhongyan Guo and Hongbin Zhang and Ke Yue",
}

@article{Zhang-2016,
	doi = {10.1088/0031-8949/91/7/073002},
	url = {https://doi.org/10.1088\%2F0031-8949\%2F91\%2F7\%2F073002},
	year = 2016,
	volume = {91},
	pages = {073002},
	author = {Y H Zhang and Yu A Litvinov and T Uesaka and H S Xu},
	title = {Storage ring mass spectrometry for nuclear structure and astrophysics research},
	journal = {Phys. Scripta},
}

@article{Yamaguchi-2021,
title = {Masses of exotic nuclei},
journal = {Progress in Particle and Nuclear Physics},
volume = {120},
pages = {103882},
year = {2021},
issn = {0146-6410},
doi = {https://doi.org/10.1016/j.ppnp.2021.103882},
url = {https://www.sciencedirect.com/science/article/pii/S0146641021000363},
author = {T. Yamaguchi and H. Koura and Yu.A. Litvinov and M. Wang}

}

@article{Litvinov-2011,
	doi = {10.1088/0034-4885/74/1/016301},
	url = {https://doi.org/10.1088\%2F0034-4885\%2F74\%2F1\%2F016301},
	year = 2011,
	volume = {74},
	pages = {016301},
	author = {Yuri A Litvinov and Fritz Bosch},
	title = {Beta decay of highly charged ions},
	journal = {Reports on Progress in Physics},
}

@article{jun45,
  title = {New effective interaction for ${f}_{5}{\mathit{pg}}_{9}$-shell nuclei},
  author = {Honma, M. and Otsuka, T. and Mizusaki, T. and Hjorth-Jensen, M.},
  journal = {Phys. Rev. C},
  volume = {80},
  issue = {6},
  pages = {064323},
  numpages = {36},
  year = {2009},
  month = {Dec},
  publisher = {American Physical Society},
  doi = {10.1103/PhysRevC.80.064323},
  url = {https://link.aps.org/doi/10.1103/PhysRevC.80.064323}
}

@article{joh23,
  title = {Testing shell-model interactions at high excitation energy and low spin: Nuclear resonance fluorescence in $^{74}\mathrm{Ge}$},
  author = {Johnson, S. R. and Janssens, R. V. F. and Friman-Gayer, U. and Brown, B. A. and Crider, B. P. and Finch, S. W. and Krishichayan and Little, D. R. and Mukhopadhyay, S. and Peters, E. E. and Ramirez, A. P. D. and Silano, J. A. and Tonchev, A. P. and Tornow, W. and Yates, S. W.},
  journal = {Phys. Rev. C},
  volume = {108},
  issue = {2},
  pages = {024315},
  numpages = {12},
  year = {2023},
  month = {Aug},
  publisher = {American Physical Society},
  doi = {10.1103/PhysRevC.108.024315},
  url = {https://link.aps.org/doi/10.1103/PhysRevC.108.024315}
}

@article{Brown23,
  title = {Global trends of the electric dipole polarizability from shell-model calculations},
  author = {Orce, Jos\'e Nicol\'as and Ngwetsheni, Cebo and Brown, B. Alex},
  journal = {Phys. Rev. C},
  volume = {108},
  issue = {4},
  pages = {044309},
  numpages = {8},
  year = {2023},
  month = {10},
  publisher = {American Physical Society},
  doi = {10.1103/PhysRevC.108.044309},
  url = {https://link.aps.org/doi/10.1103/PhysRevC.108.044309}
}

@article{AYANGEAKAA2016,
title = {Shape coexistence and the role of axial asymmetry in 72Ge},
journal = {Physics Letters B},
volume = {754},
pages = {254-259},
year = {2016},
issn = {0370-2693},
doi = {https://doi.org/10.1016/j.physletb.2016.01.036},
url = {https://www.sciencedirect.com/science/article/pii/S0370269316000538},
author = {A.D. Ayangeakaa and R.V.F. Janssens and C.Y. Wu and J.M. Allmond and J.L. Wood and S. Zhu and M. Albers and S. Almaraz-Calderon and B. Bucher and M.P. Carpenter and C.J. Chiara and D. Cline and H.L. Crawford and H.M. David and J. Harker and A.B. Hayes and C.R. Hoffman and B.P. Kay and K. Kolos and A. Korichi and T. Lauritsen and A.O. Macchiavelli and A. Richard and D. Seweryniak and A. Wiens}
}

@article{BRAUN1984,
title = {Lifetime of the 02+ state of 72Ge determined by delayed auto-coincidence of a Ge(Li) detector},
journal = {Nuclear Instruments and Methods in Physics Research},
volume = {224},
number = {1},
pages = {112-116},
year = {1984},
issn = {0167-5087},
doi = {https://doi.org/10.1016/0167-5087(84)90454-X},
url = {https://www.sciencedirect.com/science/article/pii/016750878490454X},
author = {Gerd Braun and Andreas Bockisch and Wolfgang Neuwirth}
}

@article{PhysRevLett.7.170,
  title = {Double Gamma Emission in the 6.06-Mev Monopole Transition of ${\mathrm{O}}^{16}$},
  author = {Gorodetzky, S. and Sutter, G. and Armbruster, R. and Chevallier, P. and Mennrath, P. and Scheibling, F. and Yoccoz, J.},
  journal = {Phys. Rev. Lett.},
  volume = {7},
  issue = {5},
  pages = {170--172},
  numpages = {0},
  year = {1961},
  month = {Sep},
  publisher = {American Physical Society},
  doi = {10.1103/PhysRevLett.7.170},
  url = {https://link.aps.org/doi/10.1103/PhysRevLett.7.170}
}

@article{PhysRev.135.B294,
  title = {Search for Double Gamma-Ray Emission from the First Excited States of ${\mathrm{O}}^{16}$ and ${\mathrm{C}}^{12}$},
  author = {Alburger, D. E. and Parker, P. D.},
  journal = {Phys. Rev.},
  volume = {135},
  issue = {2B},
  pages = {B294--B300},
  numpages = {0},
  year = {1964},
  month = {Jul},
  publisher = {American Physical Society},
  doi = {10.1103/PhysRev.135.B294},
  url = {https://link.aps.org/doi/10.1103/PhysRev.135.B294}
}

@article{PhysRevC.2.462,
  title = {Search for Double Gamma Emission from the First Excited States of ${\mathrm{Ca}}^{40}$ and ${\mathrm{Zr}}^{90}$},
  author = {Harihar, P. and Ullman, J. D. and Wu, C. S.},
  journal = {Phys. Rev. C},
  volume = {2},
  issue = {2},
  pages = {462--467},
  numpages = {0},
  year = {1970},
  month = {Aug},
  publisher = {American Physical Society},
  doi = {10.1103/PhysRevC.2.462},
  url = {https://link.aps.org/doi/10.1103/PhysRevC.2.462}
}

@article{PhysRevC.7.322,
  title = {Two-Photon Decay of the 1.76-MeV ${0}^{+}$ State of $^{90}\mathrm{Zr}$},
  author = {Nakayama, Yasuyuki},
  journal = {Phys. Rev. C},
  volume = {7},
  issue = {1},
  pages = {322--330},
  numpages = {0},
  year = {1973},
  month = {Jan},
  publisher = {American Physical Society},
  doi = {10.1103/PhysRevC.7.322},
  url = {https://link.aps.org/doi/10.1103/PhysRevC.7.322}
}

@article{PhysRevC.1.1025,
  title = {Search for Double-Photon Decay in ${\mathrm{Zr}}^{90}$},
  author = {Vanderleeden, J. C. and Jastram, P. S.},
  journal = {Phys. Rev. C},
  volume = {1},
  issue = {3},
  pages = {1025--1035},
  numpages = {0},
  year = {1970},
  month = {Mar},
  publisher = {American Physical Society},
  doi = {10.1103/PhysRevC.1.1025},
  url = {https://link.aps.org/doi/10.1103/PhysRevC.1.1025}
}

@article{Litvinov-2004a,
title = "Precision experiments with time-resolved {Schottky} mass spectrometry",
journal = "Nucl. Phys. A",
volume = "734",
pages = "473 - 476",
year = "2004",
doi = "10.1016/j.nuclphysa.2004.01.089",
url = "http://www.sciencedirect.com/science/article/pii/S0375947404001083",
author = "Yu.A. Litvinov and H. Geissel and Yu.N. Novikov and Z. Patyk and T. Radon and C. Scheidenberger and F. Attallah and K. Beckert and F. Bosch and M. Falch and B. Franzke and M. Hausmann and Th. Kerscher and O. Klepper and H.-J. Kluge and C. Kozhuharov and K.E.G. L{\"o}bner and G. M{\"u}nzenberg and F. Nolden and M. Steck and H. Wollnik",
}

@article{Litvinov-2008a,
title = "{Observation of non-exponential orbital electron capture decays of hydrogen-like $^{140}${Pr} and $^{142}${Pm} ions}",
journal = "Phys. Lett. B",
volume = "664",
pages = "162 - 168",
year = "2008",
doi = "10.1016/j.physletb.2008.04.062",
url = "http://www.sciencedirect.com/science/article/pii/S0370269308005613",
author = "Yu.A. Litvinov and F. Bosch and N. Winckler and D. Boutin and H.G. Essel and T. Faestermann and H. Geissel and S. Hess and P. Kienle and R. Kn{\"o}bel and C. Kozhuharov and J. Kurcewicz and L. Maier and K. Beckert and P. Beller and C. Brandau and L. Chen and C. Dimopoulou and B. Fabian and A. Fragner and E. Haettner and M. Hausmann and S.A. Litvinov and M. Mazzocco and F. Montes and A. Musumarra and C. Nociforo and F. Nolden and W. Plass and A. Prochazka and R. Reda and R. Reuschl and C. Scheidenberger and M. Steck and T. St{\"o}hlker and S. Torilov and M. Trassinelli and B. Sun and H. Weick and M. Winkler",
}

@article{Kienle-2013,
title = "High-resolution measurement of the time-modulated orbital electron capture and of the $\beta$+ decay of hydrogen-like $^{142}${Pm}$^{60+}$ ions",
journal = "Phys. Lett. B",
volume = "726",
pages = "638 - 645",
year = "2013",
doi = "10.1016/j.physletb.2013.09.033",
url = "http://www.sciencedirect.com/science/article/pii/S0370269313007624",
author = "P. Kienle and F. Bosch and P. B{\"u}hler and T. Faestermann and Yu.A. Litvinov and N. Winckler and M.S. Sanjari and D.B. Shubina and D. Atanasov and H. Geissel and V. Ivanova and X.L. Yan and D. Boutin and C. Brandau and I. Dillmann and Ch. Dimopoulou and R. Hess and P.-M. Hillebrand and T. Izumikawa and R. Kn{\"o}bel and J. Kurcewicz and N. Kuzminchuk and M. Lestinsky and S.A. Litvinov and X.W. Ma and L. Maier and M. Mazzocco and I. Mukha and C. Nociforo and F. Nolden and Ch. Scheidenberger and U. Spillmann and M. Steck and Th. St{\"o}hlker and B.H. Sun and F. Suzaki and T. Suzuki and S.Yu. Torilov and M. Trassinelli and X.L. Tu and M. Wang and H. Weick and D.F.A. Winters and N. Winters and P.J. Woods and T. Yamaguchi and G.L. Zhang and T. Ohtsubo",
}

@article{Ozturk-2019,
title = "New test of modulated electron capture decay of hydrogen-like $^{142}${Pm} ions: Precision measurement of purely exponential decay",
journal = "Phys. Lett. B",
volume = "797",
pages = "134800",
year = "2019",
doi = "10.1016/j.physletb.2019.134800",
url = "http://www.sciencedirect.com/science/article/pii/S0370269319305040",
author = "F.C. Ozturk and B. Akkus and D. Atanasov and H. Beyer and F. Bosch and D. Boutin and C. Brandau and P. B{\"u}hler and R.B. Cakirli and R.J. Chen and W.D. Chen and X.C. Chen and I. Dillmann and C. Dimopoulou and W. Enders and H.G. Essel and T. Faestermann and O. Forstner and B.S. Gao and H. Geissel and R. Gernh{\"a}user and R.E. Grisenti and A. Gumberidze and S. Hagmann and T. Heftrich and M. Heil and M.O. Herdrich and P.-M. Hillenbrand and T. Izumikawa and P. Kienle and C. Klaushofer and C. Kleffner and C. Kozhuharov and R.K. Kn{\"o}bel and O. Kovalenko and S. Kreim and T. K{\"u}hl and C. Lederer-Woods and M. Lestinsky and S.A. Litvinov and Yu.A. Litvinov and Z. Liu and X.W. Ma and L. Maier and B. Mei and H. Miura and I. Mukha and A. Najafi and D. Nagae and T. Nishimura and C. Nociforo and F. Nolden and T. Ohtsubo and Y. Oktem and S. Omika and A. Ozawa and N. Petridis and J. Piotrowski and R. Reifarth and J. Rossbach and R. Sanchez and M.S. Sanjari and C. Scheidenberger and R.S. Sidhu and H. Simon and U. Spillmann and M. Steck and Th. St{\"o}hlker and B.H. Sun and L.A. Susam and F. Suzaki and T. Suzuki and S.Yu. Torilov and C. Trageser and M. Trassinelli and S. Trotsenko and X.L. Tu and P.M. Walker and M. Wang and G. Weber and H. Weick and N. Winckler and D.F.A. Winters and P.J. Woods and T. Yamaguchi and X.D. Xu and X.L. Yan and J.C. Yang and Y.J. Yuan and Y.H. Zhang and X.H. Zhou",
}

