@article{KRAMP1987,
title = {Nuclear two-photon decay in 0+→0+ transitions},
journal = {Nuclear Physics A},
volume = {474},
number = {2},
pages = {412-450},
year = {1987},
issn = {0375-9474},
doi = {https://doi.org/10.1016/0375-9474(87)90625-7},
url = {https://www.sciencedirect.com/science/article/pii/0375947487906257},
author = {J. Kramp and D. Habs and R. Kroth and M. Music and J. Schirmer and D. Schwalm and C. Broude},
keywords = {Nuclear reactions}
}
@article{GRECHUKHIN1963273,
title = {Two-quantum transitions of atomic nuclei (II)},
journal = {Nuclear Physics},
volume = {47},
pages = {273-292},
year = {1963},
issn = {0029-5582},
doi = {https://doi.org/10.1016/0029-5582(63)90873-3},
url = {https://www.sciencedirect.com/science/article/pii/0029558263908733},
author = {D.P. Grechukhin}
}
@article{GRECHUKHIN1963273ussr,
title = {Electric Monopole Transitions of Atomic Nuclei},
journal = {Journal of Experimental and Theoretical Physics (U.S.S.R.)},
volume = {32},
pages = {1036-1049},
year = {1957},
url = {http://www.jetp.ras.ru/cgi-bin/dn/e_005_05_0846.pdf},
author = {D.P. Grechukhin},
}
@phdthesis{PhDBeusch,
title = {Ueber Zweiquanten-Uebergänge an Ba-137},
journal = {Thesis},
year = {1960},
doi = {https://doi.org/10.3929/ethz-a-000090199},
author = {Werner Beusch},
}
@article{GRECHUKHIN1965273,
title = {Model estimates of the probability for two-quantum transitions of nuclei (III)},
journal = {Nuclear Physics},
volume = {62},
number = {2},
pages = {273-295},
year = {1965},
issn = {0029-5582},
doi = {https://doi.org/10.1016/0029-5582(65)90870-9},
url = {https://www.sciencedirect.com/science/article/pii/0029558265908709},
author = {D.P. Grechukhin}
}

@article{MARGOLIS1961524,
title = {Two-photon decay and the lifetime of giant resonance states},
journal = {Nuclear Physics},
volume = {28},
number = {1},
pages = {524-528},
year = {1961},
issn = {0029-5582},
doi = {https://doi.org/10.1016/0029-5582(61)91074-4},
url = {https://www.sciencedirect.com/science/article/pii/0029558261910744},
author = {B. Margolis}
}

@article{Goeppert-1929,
author = {G{\"o}ppert, Maria},
title = {{\"U}ber die Wahrscheinlichkeit des Zusammenwirkens zweier Lichtquanten in einem Elementarakt}, 
journal = {Naturwissenschaften},
volume = {17},
pages = {932},
doi = {10.1007/BF01506585},
url = {https://doi.org/10.1007/BF01506585},
year = {1929}
}

@article{Goeppert-Mayer-1931,
author = {G{\"o}ppert-Mayer, Maria},
title = {{\"U}ber Elementarakte mit zwei Quantenspr{\"u}ngen},
journal = {Annalen der Physik},
volume = {401},
pages = {273-294},
doi = {10.1002/andp.19314010303},
url = {https://onlinelibrary.wiley.com/doi/abs/10.1002/andp.19314010303},
year = {1931}
}

@article{Eichler-1974,
  title = {Comment on two-photon emission of x rays},
  author = {Eichler, J\"org},
  journal = {Physical Review A},
  volume = {9},
  pages = {1762--1764},
  year = {1974},
  doi = {10.1103/PhysRevA.9.1762},
  url = {https://link.aps.org/doi/10.1103/PhysRevA.9.1762}
}

@article{Friar-1974,
title = {{Dispersion corrections to elastic electron scattering by 12C and 16O II. On the use of the closure approximation}},
journal = {Annals of Physics},
volume = {87},
pages = {289-326},
year = {1974},
doi = {10.1016/0003-4916(74)90038-4},
url = {https://www.sciencedirect.com/science/article/pii/0003491674900384},
author = {J.L Friar and M Rosen},
}

@article{Friar-1975,
title = {{Low-energy theorems for nuclear Compton and Raman scattering and $0^+\rightarrow 0^+$ two-photon decays in nuclei}},
journal = {Annals of Physics},
volume = {95},
pages = {170-201},
year = {1975},
doi = {10.1016/0003-4916(75)90049-4},
url = {https://www.sciencedirect.com/science/article/pii/0003491675900494},
author = {J.L Friar},
}

@article{Eichler1959,
title = {{Zweiquanten-Übergänge in isomeren Kernen}},
journal = {Zeitschrift für Physik},
volume = {157},
pages = {286-300},
year = {1959},
doi = {10.1007/BF01374909},
url = {https://doi.org/10.1007/BF01374909},
author = {Eichler, Jörg and Jacob, Gerhard}
}
