@article{410Schottky,
author = {Sanjari,M. S.  and Dmytriiev,D.  and Litvinov,Yu. A.  and Gumenyuk,O.  and Hess,R.  and Joseph,R.  and Litvinov,S. A.  and Steck,M.  and Stöhlker,Th. },
title = {A 410 MHz resonant cavity pickup for heavy ion storage rings},
journal = {Review of Scientific Instruments},
volume = {91},
number = {8},
pages = {083303},
year = {2020},
doi = {10.1063/5.0009094},
URL = { https://doi.org/10.1063/5.0009094},
eprint = { https://doi.org/10.1063/5.0009094}
}

@article{alphaNature,
  author    = {Léo Morel and Zhibin Yao and Pierre Cladé and Saïda Guellati-Khélifa},
  title     = {Determination of the fine-structure constant with an accuracy of 81 parts per trillion},
  journal   = {Nature},
  year      = {2020},
  volume    = {588},
  number    = {7836},
  pages     = {61--65},
  date      = {2020-12-01},
  doi       = {10.1038/s41586-020-2964-7},
  url       = {https://doi.org/10.1038/s41586-020-2964-7},
  issn      = {1476-4687}
}
