%Schottkies

@article{Nolden2011,
title = {A fast and sensitive resonant Schottky pick-up for heavy ion storage rings},
journal = {Nuclear Instruments and Methods in Physics Research Section A: Accelerators, Spectrometers, Detectors and Associated Equipment},
volume = {659},
number = {1},
pages = {69-77},
year = {2011},
issn = {0168-9002},
doi = {https://doi.org/10.1016/j.nima.2011.06.058},
url = {https://www.sciencedirect.com/science/article/pii/S016890021101182X},
author = {F. Nolden and P. Hülsmann and Yu.A. Litvinov and P. Moritz and C. Peschke and P. Petri and M.S. Sanjari and M. Steck and H. Weick and J.X. Wu and Y.D. Zang and S.H. Zhang and T.C. Zhao},
keywords = {Storage rings, Charged particle beams in accelerators}
}

@article{Sanjari_2013,
doi = {10.1088/0031-8949/2013/T156/014088},
url = {https://dx.doi.org/10.1088/0031-8949/2013/T156/014088},
year = {2013},
publisher = {IOP Publishing},
volume = {2013},
number = {T156},
pages = {014088},
author = {M S Sanjari and P Hülsmann and F Nolden and A Schempp and J X Wu and D Atanasov and F Bosch and C Kozhuharov and Yu A Litvinov and P Moritz and C Peschke and P Petri and D Shubina and M Steck and H Weick and N Winckler and Y D Zang and T C Zhao},
title = {A resonant Schottky pickup for the study of highly charged ions in storage rings},
journal = {Physica Scripta}
}

%e143
@misc{kortenE143,
    author = {W. Korten (spokesperson) and A.M. Corsi and M. Siciliano and M. Vandebrouck and Y. Litvinov (contact person) and H. Weick and C. Brandau and H. Albers and R. Chen and H. Geissel and J. Gerl and J. Glorius and M. Gorska and C. Kozhuharov and S.A. Litvinov and F. Nolden and M.S. Sanjari and C. Scheidenberger and M. Steck and R. Singh Sidhu and T. Stöhlker and T. Yamaguchi and X.C. Chen and Z. Liu and Y.H. Zhang and Ph. Walker and Zs. Podolyak and R. Reifarth and K. Göbel and A. Görgen and F.G. Kondev and I. Dillmann and C. Griffin and G. Leckenby and A. Ozawa and C. Bruno and J.J. Carroll and C.J. Chiara},
    title = {Search for the nuclear two-photon decay in swift fully-stripped heavy ions},
    howpublished = {Experiment Proposal},
    year = {2021},
    url = {https://wiki.gsi.de/pub/ESR_EXP/E143Experiment/E143%20Two-photon%20decay-proposal.pdf}
}

%gsi
@article{GSI,
title = {The GSI project: An international facility for ions and antiprotons},
journal = {Nuclear Physics A},
volume = {734},
pages = {654-660},
year = {2004},
issn = {0375-9474},
doi = {https://doi.org/10.1016/j.nuclphysa.2004.01.119},
url = {https://www.sciencedirect.com/science/article/pii/S0375947404001393},
author = {W. Henning}
}

@article{kraft2013history,
  title={History of the heavy ion therapy at GSI},
  author={Kraft, Gerhard},
  journal={GSI Helmholtzzentrum f{\"u}r Schwerionen forschung GmbH, Planckstra{\ss}e},
  volume={2},
  number={64},
  pages={291},
  year={2013},
  url = {https://three.jsc.nasa.gov/articles/Krafts_GSI.pdf}
}

@article{matscience,
title = {Swift heavy ion irradiation effects in zirconium and hafnium carbides},
journal = {Nuclear Instruments and Methods in Physics Research Section B: Beam Interactions with Materials and Atoms},
volume = {548},
pages = {165248},
year = {2024},
issn = {0168-583X},
doi = {https://doi.org/10.1016/j.nimb.2024.165248},
url = {https://www.sciencedirect.com/science/article/pii/S0168583X2400017X},
author = {Evan Williams and Jacob Minnette and Eric O'Quinn and Alexandre Solomon and Cale Overstreet and William F. Cureton and Ina Schubert and Christina Trautman and Changyong Park and Maxim Zdorovets and Maik Lang},
keywords = {Swift heavy ions, Carbides, HfC, ZrC, Synchrotron X-rays, XRD, Swelling, Velocity effect, Energy density}
}

@article{Loetzsch2024,
  title = {Testing quantum electrodynamics in extreme fields using helium-like uranium},
  author = {Loetzsch, R. and Beyer, H. F. and Duval, L. and Spillmann, U. and Banaś, D. and Dergham, P. and Kröger, F. M. and Glorius, J. and Grisenti, R. E. and Guerra, M. and Gumberidze, A. and Heß, R. and Hillenbrand, P.-M. and Indelicato, P. and Jagodzinski, P. and Lamour, E. and Lorentz, B. and Litvinov, S. and Litvinov, Yu. A. and Machado, J. and Paul, N. and Paulus, G. G. and Petridis, N. and Santos, J. P. and Scheidel, M. and Sidhu, R. S. and Steck, M. and Steydli, S. and Szary, K. and Trotsenko, S. and Uschmann, I. and Weber, G. and Stöhlker, Th. and Trassinelli, M.},
  journal = {Nature},
  volume = {625},
  number = {7996},
  pages = {673--678},
  year = {2024},
  month = {01},
  day = {01},
  issn = {1476-4687},
  doi = {10.1038/s41586-023-06910-y},
  url = {https://doi.org/10.1038/s41586-023-06910-y}
}

@article{Photoionization,
    author = {Lossing, F. P. and Tanaka, Ikuzo},
    title = "{Photoionization as a Source of Ions for Mass Spectrometry}",
    journal = {The Journal of Chemical Physics},
    volume = {25},
    number = {5},
    pages = {1031-1034},
    year = {1956},
    month = {11},
    issn = {0021-9606},
    doi = {10.1063/1.1743092},
    url = {https://doi.org/10.1063/1.1743092},
    eprint = {https://pubs.aip.org/aip/jcp/article-pdf/25/5/1031/18811378/1031\_1\_online.pdf},
}

@article{impactionization,
doi = {10.1088/0963-0252/4/2/015},
url = {https://dx.doi.org/10.1088/0963-0252/4/2/015},
year = {1995},
month = {05},
volume = {4},
number = {2},
pages = {307},
author = {K H Becker and  V Tarnovsky},
title = {Electron-impact ionization of atoms, molecules, ions and transient species},
journal = {Plasma Sources Science and Technology}
}

@article{ionsourcesGSI,
    author = {Spädtke, P. and Bossler, J. and Emig, H. and Leible, K. D. and Mühle, C. and Reich, H. and Schulte, H. and Tinschert, K.},
    title = "{Ion source development at GSI}",
    journal = {Review of Scientific Instruments},
    volume = {69},
    number = {2},
    pages = {1079-1081},
    year = {1998},
    month = {02},
    issn = {0034-6748},
    doi = {10.1063/1.1148638},
    url = {https://doi.org/10.1063/1.1148638},
    eprint = {https://pubs.aip.org/aip/rsi/article-pdf/69/2/1079/19172644/1079\_1\_online.pdf},
}

@book{Conte,
    author = "Conte, Mario and MacKay, William W.",
    title = "{An introduction to the physics of particle accelerators}",
    doi = "10.1142/6683",
    isbn = "978-981-277-961-8",
    year = "2008"
}

@article{projectilefragmentation,
  title = {Heavy ion projectile fragmentation: A reexamination},
  author = {Friedman, William A.},
  journal = {Phys. Rev. C},
  volume = {27},
  issue = {2},
  pages = {569--577},
  numpages = {0},
  year = {1983},
  publisher = {American Physical Society},
  doi = {10.1103/PhysRevC.27.569},
  url = {https://link.aps.org/doi/10.1103/PhysRevC.27.569}
}

@article{FRS,
title = {The GSI projectile fragment separator (FRS): a versatile magnetic system for relativistic heavy ions},
journal = {Nuclear Instruments and Methods in Physics Research Section B: Beam Interactions with Materials and Atoms},
volume = {70},
number = {1},
pages = {286-297},
year = {1992},
issn = {0168-583X},
doi = {https://doi.org/10.1016/0168-583X(92)95944-M},
url = {https://www.sciencedirect.com/science/article/pii/0168583X9295944M},
author = {H. Geissel and P. Armbruster and K.H. Behr and A. Brünle and K. Burkard and M. Chen and H. Folger and B. Franczak and H. Keller and O. Klepper and B. Langenbeck and F. Nickel and E. Pfeng and M. Pfützner and E. Roeckl and K. Rykaczewski and I. Schall and D. Schardt and C. Scheidenberger and K.-H. Schmidt and A. Schröter and T. Schwab and K. Sümmerer and M. Weber and G. Münzenberg and T. Brohm and H.-G. Clerc and M. Fauerbach and J.-J. Gaimard and A. Grewe and E. Hanelt and B. Knödler and M. Steiner and B. Voss and J. Weckenmann and C. Ziegler and A. Magel and H. Wollnik and J.P. Dufour and Y. Fujita and D.J. Vieira and B. Sherrill}
}

@article{cryring,
title = {CRYRING — a synchrotron, cooler and storage ring},
journal = {Nuclear Instruments and Methods in Physics Research Section B: Beam Interactions with Materials and Atoms},
volume = {79},
number = {1},
pages = {269-272},
year = {1993},
issn = {0168-583X},
doi = {https://doi.org/10.1016/0168-583X(93)95341-2},
url = {https://www.sciencedirect.com/science/article/pii/0168583X93953412},
author = {K. Abrahamsson and G. Andler and L. Bagge and E. Beebe and P. Carlé and H. Danared and S. Egnell and K. Ehrnstén and M. Engström and C.J. Herrlander and J. Hilke and J. Jeansson and A. Källberg and S. Leontein and L. Liljeby and A. Nilsson and A. Paal and K.-G. Rensfelt and U. Rosengård and A. Simonsson and A. Soltan and J. Starker and M.af Ugglas and A. Filevich}
}

@article{cryringGSI,
  title = {Physics book: CRYRING@ESR},
  author = {Lestinsky, M. and Andrianov, V. and Aurand, B. and Bagnoud, V. and Bernhardt, D. and Beyer, H. and Bishop, S. and Blaum, K. and Bleile, A. and Borovik, At. and Bosch, F. and Bostock, C.J. and Brandau, C. and Bräuning-Demian, A. and Bray, I. and Davinson, T. and Ebinger, B. and Echler, A. and Egelhof, P. and Ehresmann, A. and Engström, M. and Enss, C. and Ferreira, N. and Fischer, D. and Fleischmann, A. and Förster, E. and Fritzsche, S. and Geithner, R. and Geyer, S. and Glorius, J. and Göbel, K. and Gorda, O. and Goullon, J. and Grabitz, P. and Grisenti, R. and Gumberidze, A. and Hagmann, S. and Heil, M. and Heinz, A. and Herfurth, F. and Heß, R. and Hillenbrand, P.-M. and Hubele, R. and Indelicato, P. and Källberg, A. and Kester, O. and Kiselev, O. and Knie, A. and Kozhuharov, C. and Kraft-Bermuth, S. and Kühl, T. and Lane, G. and Litvinov, Yu.A. and Liesen, D. and Ma, X.W. and Märtin, R. and Moshammer, R. and Müller, A. and Namba, S. and Neumeyer, P. and Nilsson, T. and Nörtershäuser, W. and Paulus, G. and Petridis, N. and Reed, M. and Reifarth, R. and Reiß, P. and Rothhardt, J. and Sanchez, R. and Sanjari, M.S. and Schippers, S. and Schmidt, H.T. and Schneider, D. and Scholz, P. and Schuch, R. and Schulz, M. and Shabaev, V. and Simonsson, A. and Sjöholm, J. and Skeppstedt, Ö and Sonnabend, K. and Spillmann, U. and Stiebing, K. and Steck, M. and Stöhlker, T. and Surzhykov, A. and Torilov, S. and Träbert, E. and Trassinelli, M. and Trotsenko, S. and Tu, X.L. and Uschmann, I. and Walker, P.M. and Weber, G. and Winters, D.F.A. and Woods, P.J. and Zhao, H.Y. and Zhang, Y.H.},
  journal = {The European Physical Journal Special Topics},
  volume = {225},
  number = {5},
  pages = {797--882},
  year = {2016},
  month = {09},
  day = {01},
  issn = {1951-6401},
  doi = {10.1140/epjst/e2016-02643-6},
  url = {https://doi.org/10.1140/epjst/e2016-02643-6}
}

@article{NTCAPpaper,
doi = {10.1088/0031-8949/2015/T166/014062},
url = {https://dx.doi.org/10.1088/0031-8949/2015/T166/014062},
year = {2015},
publisher = {IOP Publishing},
volume = {2015},
number = {T166},
pages = {014062},
author = {C Trageser and C Brandau and C Kozhuharov and Yu A Litvinov and A Müller and F Nolden and S Sanjari and T Stöhlker},
title = {A new data acquisition system for Schottky signals in atomic physics experiments at GSI's and FAIR's storage rings},
journal = {Physica Scripta}
}

@phdthesis{NTCAPphd,
  doi = {10.22029/JLUPUB-9788},
  url = {https://jlupub.ub.uni-giessen.de//handle/jlupub/10404},
  author = {Trageser, Christian},
  school      = {Justus Liebig University Giessen},
  keywords = {Datenaufnahme, Schottky-Signale, Speicherringe, Atomphysik, data acquisition, schottky signals, storage rings, atomic physics, ddc:530},
  language = {de},
  title = {Aufbau einer Datenaufnahme zur Integration von Schottky-Signalen in Atomphysikexperimenten an Speicherringen},
  publisher = {Universitätsbibliothek Gießen},
  year = {2018},
  copyright = {In Copyright}
}

@online{e143elog,
    author = {{E143 Collaboration}},
    title = {Experiment logbook for E143},
    url = {https://elog.gsi.de/esr/E143/page},
    year = {2024},
    organization = {GSI Helmholtz Center for Heavy Ion Research},
}
@misc{rionmass,
  author = {David Freire-Fernández},
  howpublished = {\url{https://github.com/DFreireF/rionmass}},
  title = {RionMass: Toolkit for mass measurements of ringed ions.},
  year = {2024},
  publisher = {GitHub},
  journal = {GitHub repository}
}

@misc{barion,
  author = {Shahab Sanjari},
  howpublished = {\url{https://github.com/xaratustrah/barion}},
  title = {barion: A scientific calculator and data table for chemical elements and their isotopes for the experimental and accelerator physicist.},
  year = {2023},
  publisher = {GitHub},
  journal = {GitHub repository}
}

@article{AUDIcmm,
title = {A method of determining the relative importance of particular data on selected parameters in the least-squares analysis of experimental data},
journal = {Nuclear Instruments and Methods in Physics Research Section A: Accelerators, Spectrometers, Detectors and Associated Equipment},
volume = {249},
number = {2},
pages = {443-450},
year = {1986},
issn = {0168-9002},
doi = {https://doi.org/10.1016/0168-9002(86)90700-X},
url = {https://www.sciencedirect.com/science/article/pii/016890028690700X},
author = {Georges Audi and Walter G. Davies and Graham E. Lee-Whiting}
}

@incollection{hitrap,
title = {Chapter 7 HITRAP: A Facility at GSI for Highly Charged Ions},
editor = {S. Salomonson and E. Lindroth},
series = {Advances in Quantum Chemistry},
publisher = {Academic Press},
volume = {53},
pages = {83-98},
year = {2008},
booktitle = {Current Trends in Atomic Physics},
issn = {0065-3276},
doi = {https://doi.org/10.1016/S0065-3276(07)53007-8},
url = {https://www.sciencedirect.com/science/article/pii/S0065327607530078},
author = {H.-J. Kluge and T. Beier and K. Blaum and L. Dahl and S. Eliseev and F. Herfurth and B. Hofmann and O. Kester and S. Koszudowski and C. Kozhuharov and G. Maero and W. Nörtershäuser and J. Pfister and W. Quint and U. Ratzinger and A. Schempp and R. Schuch and Th. Stöhlker and R.C. Thompson and M. Vogel and G. Vorobjev and D.F.A. Winters and G. Werth}
}

@article{lise++,
title = {LISE++ : design your own spectrometer},
journal = {Nuclear Physics A},
volume = {746},
pages = {411-414},
year = {2004},
note = {Proceedings of the Sixth International Conference on Radioactive Nuclear Beams (RNB6)},
issn = {0375-9474},
doi = {https://doi.org/10.1016/j.nuclphysa.2004.09.063},
url = {https://www.sciencedirect.com/science/article/pii/S0375947404010048},
author = {O.B. Tarasov and D. Bazin}
}

@phdthesis{shahab_thesis,
  author      = {Mohammad Shahab Sanjari},
  title       = {Resonant pickups for non-destructive single-particle detection in heavy-ion storage rings and first experimental results},
  type        = {doctoralthesis},
  pages       = {IX, 164},
  school      = {Universit{\"a}tsbibliothek Johann Christian Senckenberg},
  year        = {2013},
  url         = {http://publikationen.ub.uni-frankfurt.de/frontdoor/index/index/docId/29902}
}

@book{schottky_book,
      author        = "Chattopadhyay, Swapan",
      title         = "{Some fundamental aspects of fluctuations and coherence in
                       charged-particle beams in storage rings}",
      publisher     = "CERN",
      address       = "Geneva",
      series        = "CERN Yellow Reports: Monographs",
      year          = "1984",
      url           = "https://cds.cern.ch/record/155458",
      doi           = "10.5170/CERN-1984-011",
}

@article{CaspersSchottky,
      author        = "Caspers, Friedhelm",
      title         = "{Schottky signals for longitudinal and transverse
                       bunched-beam diagnostics}",
      year          = "2009",
      url           = "http://cds.cern.ch/record/1213284",
      doi           = "10.5170/CERN-2009-005.407",
}

@article{Nubase2020,
  title = {{NUBASE2020: a snapshot of nuclear data for decays of radioactive nuclides}},
  author = {Kondev, F. G. and Wang, M. and Huang, W. J. and Naimi, S. and Audi, G.},
  journal = {Chinese Physics C},
  volume = {45},
  number = {3},
  pages = {030001},
  year = {2021},
  doi = {10.1088/1674-1137/abdd52},
}

@article{fatma,
title = {New test of modulated electron capture decay of hydrogen-like 142Pm ions: Precision measurement of purely exponential decay},
journal = {Physics Letters B},
volume = {797},
pages = {134800},
year = {2019},
issn = {0370-2693},
doi = {https://doi.org/10.1016/j.physletb.2019.134800},
url = {https://www.sciencedirect.com/science/article/pii/S0370269319305040},
author = {F.C. Ozturk and B. Akkus and D. Atanasov and H. Beyer and F. Bosch and D. Boutin and C. Brandau and P. Bühler and R.B. Cakirli and R.J. Chen and W.D. Chen and X.C. Chen and I. Dillmann and C. Dimopoulou and W. Enders and H.G. Essel and T. Faestermann and O. Forstner and B.S. Gao and H. Geissel and R. Gernhäuser and R.E. Grisenti and A. Gumberidze and S. Hagmann and T. Heftrich and M. Heil and M.O. Herdrich and P.-M. Hillenbrand and T. Izumikawa and P. Kienle and C. Klaushofer and C. Kleffner and C. Kozhuharov and R.K. Knöbel and O. Kovalenko and S. Kreim and T. Kühl and C. Lederer-Woods and M. Lestinsky and S.A. Litvinov and Yu.A. Litvinov and Z. Liu and X.W. Ma and L. Maier and B. Mei and H. Miura and I. Mukha and A. Najafi and D. Nagae and T. Nishimura and C. Nociforo and F. Nolden and T. Ohtsubo and Y. Oktem and S. Omika and A. Ozawa and N. Petridis and J. Piotrowski and R. Reifarth and J. Rossbach and R. Sánchez and M.S. Sanjari and C. Scheidenberger and R.S. Sidhu and H. Simon and U. Spillmann and M. Steck and Th. Stöhlker and B.H. Sun and L.A. Susam and F. Suzaki and T. Suzuki and S.Yu. Torilov and C. Trageser and M. Trassinelli and S. Trotsenko and X.L. Tu and P.M. Walker and M. Wang and G. Weber and H. Weick and N. Winckler and D.F.A. Winters and P.J. Woods and T. Yamaguchi and X.D. Xu and X.L. Yan and J.C. Yang and Y.J. Yuan and Y.H. Zhang and X.H. Zhou},
keywords = {Two body weak decay, Orbital electron capture, Single particle decay spectroscopy, Heavy ion storage ring}
}

@article{2013638,
title = {High-resolution measurement of the time-modulated orbital electron capture and of the β+ decay of hydrogen-like 142Pm60+ ions},
journal = {Physics Letters B},
volume = {726},
number = {4},
pages = {638-645},
year = {2013},
issn = {0370-2693},
doi = {https://doi.org/10.1016/j.physletb.2013.09.033},
url = {https://www.sciencedirect.com/science/article/pii/S0370269313007624},
author = {P. Kienle and F. Bosch and P. Bühler and T. Faestermann and Yu.A. Litvinov and N. Winckler and M.S. Sanjari and D.B. Shubina and D. Atanasov and H. Geissel and V. Ivanova and X.L. Yan and D. Boutin and C. Brandau and I. Dillmann and Ch. Dimopoulou and R. Hess and P.-M. Hillebrand and T. Izumikawa and R. Knöbel and J. Kurcewicz and N. Kuzminchuk and M. Lestinsky and S.A. Litvinov and X.W. Ma and L. Maier and M. Mazzocco and I. Mukha and C. Nociforo and F. Nolden and Ch. Scheidenberger and U. Spillmann and M. Steck and Th. Stöhlker and B.H. Sun and F. Suzaki and T. Suzuki and S.Yu. Torilov and M. Trassinelli and X.L. Tu and M. Wang and H. Weick and D.F.A. Winters and N. Winters and P.J. Woods and T. Yamaguchi and G.L. Zhang and T. Ohtsubo},
keywords = {Two-body weak decays, Orbital electron capture, Ion storage rings, Highly-charged ions}
}

@article{PhysRevLett.99.262501,
  title = {Measurement of the ${\ensuremath{\beta}}^{+}$ and Orbital Electron-Capture Decay Rates in Fully Ionized, Hydrogenlike, and Heliumlike $^{140}\mathrm{Pr}$ Ions},
  author = {Litvinov, Yu. A. and Bosch, F. and Geissel, H. and Kurcewicz, J. and Patyk, Z. and Winckler, N. and Batist, L. and Beckert, K. and Boutin, D. and Brandau, C. and Chen, L. and Dimopoulou, C. and Fabian, B. and Faestermann, T. and Fragner, A. and Grigorenko, L. and Haettner, E. and Hess, S. and Kienle, P. and Kn\"obel, R. and Kozhuharov, C. and Litvinov, S. A. and Maier, L. and Mazzocco, M. and Montes, F. and M\"unzenberg, G. and Musumarra, A. and Nociforo, C. and Nolden, F. and Pf\"utzner, M. and Pla\ss{}, W. R. and Prochazka, A. and Reda, R. and Reuschl, R. and Scheidenberger, C. and Steck, M. and St\"ohlker, T. and Torilov, S. and Trassinelli, M. and Sun, B. and Weick, H. and Winkler, M.},
  journal = {Phys. Rev. Lett.},
  volume = {99},
  issue = {26},
  pages = {262501},
  numpages = {4},
  year = {2007},
  publisher = {American Physical Society},
  doi = {10.1103/PhysRevLett.99.262501},
  url = {https://link.aps.org/doi/10.1103/PhysRevLett.99.262501}
}
