@article{GRECHUKHIN1962,
title = {Two-quantum transitions of atomic nuclei},
journal = {Nuclear Physics},
volume = {35},
pages = {98-113},
year = {1962},
issn = {0029-5582},
doi = {https://doi.org/10.1016/0029-5582(62)90099-8},
url = {https://www.sciencedirect.com/science/article/pii/0029558262900998},
author = {D.P. Grechukhin}
}

@article{GRECHUKHIN1965,
title = {Model estimates of the probability for two-quantum transitions of nuclei (III)},
journal = {Nuclear Physics},
volume = {62},
number = {2},
pages = {273-295},
year = {1965},
issn = {0029-5582},
doi = {https://doi.org/10.1016/0029-5582(65)90870-9},
url = {https://www.sciencedirect.com/science/article/pii/0029558265908709},
author = {D.P. Grechukhin}
}

@misc{oconnell,
  author = {James S O'Connell},
  title = {Electromagnetic nuclear interactions ::I. introduction, operators, and sum rules},
  year = {1982},
  publisher = {, National Institute of Standards and Technology, Gaithersburg, MD},
  doi = {https://doi.org/10.6028/NBS.IR.82-2547},
  language = {en},
}

@article{osti_4785718,
title = {NUCLEAR STRUCTURE. VOLUME I. SINGLE-PARTICLE MOTION.},
author = {Bohr, A and Mottelson, B R},
url = {https://www.osti.gov/biblio/4785718},
year = {1969},
month = {1}
} 

@book{Peskin:1995ev,
    author = "Peskin, Michael E. and Schroeder, Daniel V.",
    title = "{An Introduction to quantum field theory}",
    isbn = "978-0-201-50397-5",
    publisher = "Addison-Wesley",
    address = "Reading, USA",
    year = "1995"
}

@article{Heisenberg1927,
    author = {Heisenberg, W.},
    title = {Über den anschaulichen Inhalt der quantentheoretischen Kinematik und Mechanik},
    journal = {Zeitschrift für Physik},
    volume = {43},
    number = {3},
    pages = {172-198},
    year = {1927},
    month = {03},
    doi = {10.1007/BF01397280},
    issn = {0044-3328},
    url = {https://doi.org/10.1007/BF01397280}
}

@book{resonances,
    author = {Harakeh, M N and van der Woude, A},
    isbn = {9780198517337},
    title = "{Introduction}",
    booktitle = "{Giant Resonances: Fundamental High-Frequency Modes of Nuclear Excitation}",
    publisher = {Oxford University Press},
    year = {2001},
    month = {05},
    doi = {10.1093/oso/9780198517337.003.0001},
    url = {https://doi.org/10.1093/oso/9780198517337.003.0001},
    eprint = {https://academic.oup.com/book/0/chapter/422644891/chapter-pdf/52568788/isbn-9780198517337-book-part-1.pdf},
}

@article{JSpeth_1981,
doi = {10.1088/0034-4885/44/7/002},
url = {https://dx.doi.org/10.1088/0034-4885/44/7/002},
year = {1981},
month = {07},
publisher = {},
volume = {44},
number = {7},
pages = {719},
author = {J Speth and  A van der Woude},
title = {Giant resonances in nuclei},
journal = {Reports on Progress in Physics}
}
