@article{RADONcmmA,
title = {Schottky mass measurements of stored and cooled neutron-deficient projectile fragments in the element range of 57≤Z≤84},
journal = {Nuclear Physics A},
volume = {677},
number = {1},
pages = {75-99},
year = {2000},
issn = {0375-9474},
doi = {https://doi.org/10.1016/S0375-9474(00)00304-3},
url = {https://www.sciencedirect.com/science/article/pii/S0375947400003043},
author = {T. Radon and H. Geissel and G. Münzenberg and B. Franzke and Th. Kerscher and F. Nolden and Yu.N. Novikov and Z. Patyk and C. Scheidenberger and F. Attallah and K. Beckert and T. Beha and F. Bosch and H. Eickhoff and M. Falch and Y. Fujita and M. Hausmann and F. Herfurth and H. Irnich and H.C. Jung and O. Klepper and C. Kozhuharov and Yu.A. Litvinov and K.E.G. Löbner and F. Nickel and H. Reich and W. Schwab and B. Schlitt and M. Steck and K. Sümmerer and T. Winkler and H. Wollnik},
abstract = {A novel method for direct, high precision mass measurements of relativistic exotic nuclei has been successfully applied in the storage ring ESR at GSI. The nuclei of interest were produced by projectile fragmentation of 930 MeV/u bismuth ions, separated in-flight by the fragment separator FRS, stored and cooled in the ESR. The mass values have been deduced from the revolution frequencies of the coasting cooled ions. We have measured 104 new mass values with a precision of about 100 keV and a resolving power of 3.5×105 for the neutron-deficient isotopes of the elements 57≤Z≤84. This paper presents the experimental method, the mass evaluation and a table of the experimental mass values.}
}

@phdthesis{YuriPhD,
     author  = "Litvinov, Y.~A.",
     title   = "Basic Nuclear Properties of Neutron-Deficient Nuclei investigated via High Precision Mass Measurements in the Element Range of 36 < Z < 92",
     school  = "University of Giessen",
     year    = 2003,
}

@phdthesis{MatosPhD,
     author  = "Mato{\v{s}}, M.",
     title   = "Isochronous Mass Measurements of Short-Lived Neutron Rich Nuclides at the FRS-ESR Facilities",
     school  = "University of Giessen",
     year    = 2004,
}

@phdthesis{ShubinaPhD,
     author  = "Shubina, D.",
     title   = "Schottky mass measurements of heavy neutron-rich nuclides in the element range 70 ≤ Z ≤ 79 at the ESR",
     school  = "University of Heidelberg",
     year    = 2012,
}

@article{PhysRevC.103.065502,
  title = {Direct measurement of the mass difference of $^{72}\mathrm{As}\text{\ensuremath{-}}^{72}\mathrm{Ge}$ rules out $^{72}\mathrm{As}$ as a promising $\ensuremath{\beta}$-decay candidate to determine the neutrino mass},
  author = {Ge, Z. and Eronen, T. and de Roubin, A. and Nesterenko, D. A. and Hukkanen, M. and Beliuskina, O. and de Groote, R. and Geldhof, S. and Gins, W. and Kankainen, A. and Koszor\'us, \'A. and Kotila, J. and Kostensalo, J. and Moore, I. D. and Raggio, A. and Rinta-Antila, S. and Suhonen, J. and Virtanen, V. and Weaver, A. P. and Zadvornaya, A. and Jokinen, A.},
  journal = {Phys. Rev. C},
  volume = {103},
  issue = {6},
  pages = {065502},
  numpages = {8},
  year = {2021},
  month = {Jun},
  publisher = {American Physical Society},
  doi = {10.1103/PhysRevC.103.065502},
  url = {https://link.aps.org/doi/10.1103/PhysRevC.103.065502}
}
@article{PhysRevC.103.034319,
  title = {Mass measurements of As, Se, and Br nuclei, and their implication on the proton-neutron interaction strength toward the $N=Z$ line},
  author = {Mardor, I. and Andr\'es, S. Ayet San and Dickel, T. and Amanbayev, D. and Beck, S. and Bergmann, J. and Geissel, H. and Gr\"of, L. and Haettner, E. and Hornung, C. and Kalantar-Nayestanaki, N. and Kripko-Koncz, G. and Miskun, I. and Mollaebrahimi, A. and Pla\ss{}, W. R. and Scheidenberger, C. and Weick, H. and Bagchi, Soumya and Balabanski, D. L. and Bezbakh, A. A. and Brencic, Z. and Charviakova, O. and Chudoba, V. and Constantin, Paul and Dehghan, M. and Fomichev, A. S. and Grigorenko, L. V. and Hall, O. and Harakeh, M. N. and Hucka, J.-P. and Kankainen, A. and Kiselev, O. and Kn\"obel, R. and Kostyleva, D. A. and Krupko, S. A. and Kurkova, N. and Kuzminchuk, N. and Mukha, I. and Muzalevskii, I. A. and Nichita, D. and Nociforo, C. and Patyk, Z. and Pf\"utzner, M. and Pietri, S. and Purushothaman, S. and Reiter, M. P. and Roesch, H. and Schirru, F. and Sharov, P. G. and Sp\ifmmode \u{a}\else \u{a}\fi{}taru, A. and Stanic, G. and State, A. and Tanaka, Y. K. and Vencelj, M. and Yavor, M. I. and Zhao, J.},
  journal = {Phys. Rev. C},
  volume = {103},
  issue = {3},
  pages = {034319},
  numpages = {10},
  year = {2021},
  month = {Mar},
  publisher = {American Physical Society},
  doi = {10.1103/PhysRevC.103.034319},
  url = {https://link.aps.org/doi/10.1103/PhysRevC.103.034319}
}
