@misc{E018proposal,
  title = {Nuclear two-photon decay and bound-state pair conversion},
  author = {Korten, Wolfram and Akinci, Fatma Cagla and Albers, Helena and Blaum, Klaus and Brandau, Carsten and Bruno, Carlo and Chen, Rui Jiu and Chiara, Christopher and Dellmann, Sophia Florence and Dickel, Timo and Dillmann, Iris and Forstner, Oliver and Freire Fernández, David and Geissel, Hans and Gerl, Jürgen and Glorius, Jan and Gorska-Ott, Magdalena and Griffin, Christopher James and Gumberidze, Alexandre and Görgen, Andreas and Haettner, Emma and Hagmann, Siegbert and Harayama, Sakumi and Hillenbrand, Pierre-Michel and Hubbard, Nicolas James and Jurado, Beatriz and Kalaydjieva, Desislava and Kanika, Kanika and Kozhuharov, Christophor and Leckenby, Guy and Litvinov, Yuri and Lorentz, Bernd Alfred and Marsh, Jordan and Ozawa, Akira and Pietralla, Norbert and Podolyak, Zsolt and Reifarth, Rene and Sanjari, Mohammad Shahab and Scheidenberger, Christoph and Sidhu, Ragandeep Singh and Spillmann, Uwe and Steck, Markus and Stoehlker, Thomas and Vesic, Jelena and Walker, Philip and Weick, Helmut and Werner, Volker and Wimmer, Kathrin and Yamaguchi, Takayuki and Zhang, Yuhu and liu, zhong},
  year = {2022},
  howpublished = {GSI Research Proposal},
  url = {https://gate.gsi.de/cgi-bin/gate?NJOB=PDF;JOB=proppdf;pnr=281;MID=3}
}

@misc{higs72geproposal,
  title = {Comprehensive Study of Low-Spin Excitations in $^{72}$Ge: Shape Coexistence and Properties of $0^+$ States in the Stable Ge Nuclei},
  author = {Crider, B.P. (Spokesperson) and Gaballah, T. and Luitel, S. and Ogunbeku, T.H. and Olree, B.D. and Ratcliffe, J. and Winger, J.A. and Peters, E.E. and Hicks, S.F. and Dowie, J.T.H. and Yates, S.W. and Ayangeakaa, A.D. (Co-Spokesperson) and James, X. and Janssens, R.V.F. and Johnson, S.R. and Kowalewski, T. and Saracino, A. and Sensharma, N. and Vanhoy, J.R. and Hartley, D.J. and Korten, W. and Litvinov, Y. and Freire-Fernandez, D.},
  howpublished = {Experimental Proposal},
  year = {2023}
  }

@misc{Gloriusproposal,
  title = {Proton-capture on $^{91}$Nb - A key to the explosive nucleosynthesis of the p nuclei [Continuation of E127]},
  author = {Glorius, Jan and Berthelot, Camille and Blaum, Klaus and Brandau, Carsten and Bruno, Carlo and Chen, Rui Jiu and Davinson, Thomas and Dellmann, Sophia Florence and Dillmann, Iris and Erbacher, Philipp and Freire Fernández, David and Griffin, Christopher James and Gumberidze, Alexandre and Heil, Michael and Heß, Regina and Hillenbrand, Pierre-Michel and Jurado, Beatriz and Kozhuharov, Christophor and Langer, Christoph and Leckenby, Guy and Lestinsky, Michael and Litvinov, Sergey and Lugaro, Maria and Löher, Bastian and Marsh, Jordan and Petridis, Nikolaos and Pibernat, Jerome and Pignatari, Marco and Reifarth, Rene and Sanjari, Mohammad Shahab and Sguazzin, Michele and Sidhu, Ragandeep Singh and Simon, Haik and Spillmann, Uwe and Steck, Markus and Stoehlker, Thomas and Swartz, Jacobus Andreas and Törnqvist, Hans and Woods, Philip},
  howpublished = {Experimental Proposal},
  year = {2022},
  url={https://gate.gsi.de/cgi-bin/gate?NJOB=PDF;JOB=proppdf;pnr=961;MID=3}
}

@misc{Sidhuproposal,
  title = {Influence of hyperfine interaction on the nuclear electron capture decay in $^{111}$Sn},
  author = {Sidhu, Ragandeep Singh and AKINCI, Fatma Cagla and Aliotta, Marialuisa and Andelkovic, Zoran and Blaum, Klaus and Brandau, Carsten and Bruno, Carlo and Chen, Rui Jiu and Davinson, Thomas and Dickel, Timo and Dillmann, Iris and Eliseev, Sergey and Forstner, Oliver and Freire Fernández, David and Gao, Bingshui and Geissel, Hans and Gernhäuser, Roman and Glorius, Jan and Grieser, Manfred and Griffin, Christopher James and Grisenti, Robert and Gumberidze, Alexandre and Haettner, Emma and Hagmann, Siegbert and Heß, Regina and Hillenbrand, Pierre-Michel and Jurado, Beatriz and Korten, Wolfram and Kozhuharov, Christophor and König, Kristian and Langer, Christoph and Leckenby, Guy and Lederer-Woods, Claudia and Lestinsky, Michael and Litvinov, Sergey and Litvinov, Yuri and Lorentz, Bernd Alfred and Ma, Xinwen and Marsh, Jordan and Menz, Esther Babette and Nörtershäuser, Wilfried and Ozawa, Akira and Patyk, Zygmunt and Petridis, Nikolaos and Plaß, Wolfgang and Podolyak, Zsolt and Reifarth, Rene and Sanjari, Mohammad Shahab and Scheidenberger, Christoph and Spillmann, Uwe and Steck, Markus and Stoehlker, Thomas and Sun, Baohua and Sánchez, Rodolfo and Trotsenko, Sergiy and Tu, Xiaolin and Vorobyev, Gleb and Walker, Philip and Wang, Meng and Weber, Günter and Weick, Helmut and Winters, Danyal and Woods, Philip and Xing, Yuanming and Yamaguchi, Takayuki and Yan, Xinliang and Zhang, Yuhu},
  howpublished = {Experimental Proposal},
  year = {2022},
  url={https://gate.gsi.de/cgi-bin/gate?NJOB=PDF;JOB=proppdf;pnr=1189;MID=3}
}

@misc{Jurado2022,
  title = {Indirect measurements of neutron-induced reaction cross sections at storage rings},
  author = {Jurado, Beatriz and Ascher, Pauline and Audouin, Laurent and Berthelot, Camille and Blank, Bertram and Blaum, Klaus and Brandau, Carsten and Bruno, Carlo and Davinson, Thomas and Erbacher, Philipp and Forstner, Oliver and Gerbaux, Mathias and Giovinazzo, Jérôme and Glorius, Jan and Grieser, Manfred and Gumberidze, Alexandre and Hagmann, Siegbert and Heinz, Andreas and Hillenbrand, Pierre-Michel and Kalinin, Anton and Korten, Wolfram and Langer, Christoph and Lederer-Woods, Claudia and Lestinsky, Michael and Litvinov, Sergey and Menz, Esther Babette and Moro, Antonio M. and Petridis, Nikolaos and Pibernat, Jerome and Reifarth, Rene and Sanjari, Mohammad Shahab and Sguazzin, Michele and Sidhu, Ragandeep Singh and Spillmann, Uwe and Steck, Markus and Stoehlker, Thomas and Swartz, Jacobus Andreas and Thulliez, Loic and Versteegen, Maud and Woods, Philip and Yamaguchi, Takayuki},
  howpublished = {Experimental Proposal},
  year = {2022},
  url={https://gate.gsi.de/cgi-bin/gate?NJOB=PDF;JOB=proppdf;pnr=441;MID=3}
}

@misc{Brandau2023,
  title = {Follow-Up E142: Laser Excitation of the 229Th Nucleus Using Nuclear Hyperfine Mixing},
  author = {Brandau, Carsten and Andelkovic, Zoran and Banaś, Dariusz and Bruno, Carlo and Chen, Rui Jiu and Freire Fernández, David and Glorius, Jan and Gumberidze, Alexandre and Hannen, Volker and Heil, Michael and Heyl, Christoph and Heß, Regina and Hillenbrand, Pierre-Michel and Horst, Max Henrik and Indelicato, Paul and Klammes, Sebastian and Kozhuharov, Christophor and Krantz, Claude and König, Kristian and Lestinsky, Michael and Litvinov, Sergey and Litvinov, Yuri and Lorentz, Bernd Alfred and Mohr, Konstantin and Müller, Alfred and Müller, Patrick Matthias and Nörtershäuser, Wilfried and Pfutzner, Marek and Rausch, Simon and Rothhardt, Jan and Röhlsberger, Ralf and Sanjari, Mohammad Shahab and Schippers, Stefan and Sidhu, Ragandeep Singh and Spillmann, Uwe and Steck, Markus and Stoehlker, Thomas and Sánchez, Rodolfo and Thirolf, Peter and Trassinelli, Martino and Trotsenko, Sergiy and Ueberholz, Ken and Winters, Danyal},
  howpublished = {Experimental Proposal},
  year = {2022},
  url={https://gate.gsi.de/cgi-bin/gate?NJOB=PDF;JOB=proppdf;pnr=841;MID=3}
}

%position cavities
@article{xChen2015,
  title = {Accuracy improvement in the isochronous mass measurement using a cavity doublet},
  author = {Chen, X. and Sanjari, M. S. and Piotrowski, J. and Hülsmann, P. and Litvinov, Yu. A. and Nolden, F. and Steck, M. and Stöhlker, Th.},
  journal = {Hyperfine Interactions},
  volume = {235},
  number = {1},
  pages = {51-59},
  year = {2015},
  doi = {10.1007/s10751-015-1183-3},
  issn = {1572-9540},
  url = {https://doi.org/10.1007/s10751-015-1183-3},
}

@phdthesis{xchen2015phd,
  title={Non-interceptive position detection for short-lived radioactive nuclei in heavy-ion storage rings},
  author={Chen, Xiangcheng},
  year={2015},
  doi = {10.11588/heidok.00019851},
  url = {http://www.ub.uni-heidelberg.de/archiv/19851}
}

@phdthesis{phd_dima,
  title={Design of a position sensitive resonant Schottky detector for the Rare-RI Ring in RIKEN },
  author={Dmytriiev, Dmytro},
  year={2022},
  doi = {10.11588/heidok.00031183},
  url = {http://www.ub.uni-heidelberg.de/archiv/31183}
}
@article{xCHEN2016,
title = {Intensity-sensitive and position-resolving cavity for heavy-ion storage rings},
journal = {Nuclear Instruments and Methods in Physics Research Section A: Accelerators, Spectrometers, Detectors and Associated Equipment},
volume = {826},
pages = {39-47},
year = {2016},
issn = {0168-9002},
doi = {https://doi.org/10.1016/j.nima.2016.04.056},
url = {https://www.sciencedirect.com/science/article/pii/S0168900216302649},
author = {X. Chen and M.S. Sanjari and P. Hülsmann and Yu.A. Litvinov and F. Nolden and J. Piotrowski and M. Steck and Th. Stöhlker and P.M. Walker},
keywords = {Intensity-sensitive, Position-resolving, Cavity, Storage ring}
}

@article{Sanjari_2015,
doi = {10.1088/0031-8949/2015/T166/014060},
url = {https://dx.doi.org/10.1088/0031-8949/2015/T166/014060},
year = {2015},
month = {nov},
publisher = {IOP Publishing},
volume = {2015},
number = {T166},
pages = {014060},
author = {M S Sanjari and X Chen and P Hülsmann and Yu A Litvinov and F Nolden and J Piotrowski and M Steck and Th Stöhlker},
title = {Conceptual design of elliptical cavities for intensity and position sensitive beam measurements in storage rings},
journal = {Physica Scripta}
}

@TECHREPORT{XChen_history,
      author       = {Chen, Xiangcheng},
      title        = {{H}istory of {C}avity {B}eam {P}osition {M}onitors},
      number       = {GSI-Report-2014-3},
      address      = {Darmstadt},
      publisher    = {GSI},
      reportid     = {GSI-2014-00313, GSI-Report-2014-3},
      pages        = {32 p.},
      year         = {2014},
      cin          = {ATP},
      cid          = {I:(DE-Ds200)ATP-20051214OR020},
      pnm          = {899 - ohne Topic (POF2-899)},
      pid          = {G:(DE-HGF)POF2-899},
      typ          = {PUB:(DE-HGF)29},
      url          = {https://repository.gsi.de/record/64914},
}

@article{boundelectronpositron,
	author = {{Bosch, F.} and {Hagmann, S.} and {Hillenbrand, P.-M.} and {Lane, G. J.} and {Litvinov, Yu. A.} and {Reed, M. W.} and {Sanjari, M. S.} and {Stöhlker, Th.} and {Torilov, S. Yu.} and {Tu, X. L.} and {Walke, P. M.}},
	title = {Search for bound-state electron+positron pair decay},
	DOI= "10.1051/epjconf/201612304003",
	url= "https://doi.org/10.1051/epjconf/201612304003",
	journal = {EPJ Web Conf.},
	year = 2016,
	volume = 123,
	pages = "04003",
}

@article{A98,
title = {Nuclear Data Sheets for A=98},
journal = {Nuclear Data Sheets},
volume = {164},
pages = {1-477},
year = {2020},
issn = {0090-3752},
doi = {https://doi.org/10.1016/j.nds.2020.01.001},
url = {https://www.sciencedirect.com/science/article/pii/S0090375220300016},
author = {Jun Chen and Balraj Singh}}

@article{A72,
title = {Nuclear Data Sheets for A = 72},
journal = {Nuclear Data Sheets},
volume = {111},
number = {1},
pages = {1-140},
year = {2010},
issn = {0090-3752},
doi = {https://doi.org/10.1016/j.nds.2009.12.001},
url = {https://www.sciencedirect.com/science/article/pii/S0090375209001136},
author = {D. Abriola and A.A. Sonzogni}
}

@article{PhysRevLett.90.082502,
  title = {New Shape Isomer in the Self-Conjugate Nucleus $^{\mathrm{72}}\mathrm{K}\mathrm{r}$},
  author = {Bouchez, E. and Matea, I. and Korten, W. and Becker, F. and Blank, B. and Borcea, C. and Buta, A. and Emsallem, A. and de France, G. and Genevey, J. and Hannachi, F. and Hauschild, K. and H\"urstel, A. and Le Coz, Y. and Lewitowicz, M. and Lucas, R. and Negoita, F. and  Santos, F. de Oliveira and Pantelica, D. and Pinston, J. and Rahkila, P. and Rejmund, M. and Stanoiu, M. and Theisen, Ch.},
  journal = {Phys. Rev. Lett.},
  volume = {90},
  issue = {8},
  pages = {082502},
  numpages = {4},
  year = {2003},
  month = {Feb},
  publisher = {American Physical Society},
  doi = {10.1103/PhysRevLett.90.082502},
  url = {https://link.aps.org/doi/10.1103/PhysRevLett.90.082502}
}

@article{SPILLER2006305,
title = {The FAIR accelerator project at GSI},
journal = {Nuclear Instruments and Methods in Physics Research Section A: Accelerators, Spectrometers, Detectors and Associated Equipment},
volume = {561},
number = {2},
pages = {305-309},
year = {2006},
note = {Proceedings of the Workshop on High Intensity Beam Dynamics},
issn = {0168-9002},
doi = {https://doi.org/10.1016/j.nima.2006.01.043},
url = {https://www.sciencedirect.com/science/article/pii/S0168900206000507},
author = {P. Spiller and G. Franchetti},
keywords = {Beam optics, Synchrotons, Magnets}
}

@article{YANG2013263,
title = {High Intensity heavy ion Accelerator Facility (HIAF) in China},
journal = {Nuclear Instruments and Methods in Physics Research Section B: Beam Interactions with Materials and Atoms},
volume = {317},
pages = {263-265},
year = {2013},
note = {XVIth International Conference on ElectroMagnetic Isotope Separators and Techniques Related to their Applications, December 2–7, 2012 at Matsue, Japan},
issn = {0168-583X},
doi = {https://doi.org/10.1016/j.nimb.2013.08.046},
url = {https://www.sciencedirect.com/science/article/pii/S0168583X13009877},
author = {J.C. Yang and J.W. Xia and G.Q. Xiao and H.S. Xu and H.W. Zhao and X.H. Zhou and X.W. Ma and Y. He and L.Z. Ma and D.Q. Gao and J. Meng and Z. Xu and R.S. Mao and W. Zhang and Y.Y. Wang and L.T. Sun and Y.J. Yuan and P. Yuan and W.L. Zhan and J. Shi and W.P. Chai and D.Y. Yin and P. Li and J. Li and L.J. Mao and J.Q. Zhang and L.N. Sheng},
keywords = {High intensity, Heavy ion, Storage ring, HIAF}
}