@Misc{NIST_ASD,
author = {A.~Kramida and {Yu.~Ralchenko} and
J.~Reader and {and NIST ASD Team}},
HOWPUBLISHED = {{NIST Atomic Spectra Database
(ver. 5.11), [Online]. Available: \\
{\tt{https://physics.nist.gov/asd}} [2024, January 24].
National Institute of Standards and Technology,
Gaithersburg, MD.}},
year = {2023},
}

@article{ABRIOLAA72,
title = {Nuclear Data Sheets for A = 72},
journal = {Nuclear Data Sheets},
volume = {111},
number = {1},
pages = {1-140},
year = {2010},
issn = {0090-3752},
doi = {https://doi.org/10.1016/j.nds.2009.12.001},
url = {https://www.sciencedirect.com/science/article/pii/S0090375209001136},
author = {D. Abriola and A.A. Sonzogni}
}

@article{CODATA,
  author = {Eite Tiesinga and Peter Mohr and David Newell and Barry Taylor},
  title = {CODATA Recommended Values of the Fundamental Physical Constants: 2018},
  year = {2021},
  number = {93},
  publisher = {Reviews of Modern Physics},
  url = {https://tsapps.nist.gov/publication/get_pdf.cfm?pub_id=931443},
  doi = {https://doi.org/10.1103/RevModPhys.93.025010},
  language = {en},
}

@book{ensdfPolicy,
      author        = "J.~K.~Tuli",
      title         = "{Evaluated nuclear structure data file. A manual for preparation of data sets}",
      publisher     = "Brookhaven Nat. Lab.",
      address       = "Upton, NY",
      year          = "2001",
      url           = "https://www.nndc.bnl.gov/ensdf/ensdf-manual.pdf",
      note          = "Submitted on 1 Feb 2001",
}