%Deformation
@article{deform1971,
title = {Collective potential energy surfaces and nuclear structure},
journal = {Nuclear Physics A},
volume = {171},
number = {3},
pages = {449-479},
year = {1971},
issn = {0375-9474},
doi = {https://doi.org/10.1016/0375-9474(71)90596-3},
url = {https://www.sciencedirect.com/science/article/pii/0375947471905963},
author = {Gotthard Gneuss and Walter Greiner}
}

@article{quadoctuNomura,
  title = {Quadrupole-octupole coupling and the onset of octupole deformation in actinides},
  author = {Nomura, K. and Rodr\'{\i}guez-Guzm\'an, R. and Robledo, L. M. and Garc\'{\i}a-Ramos, J. E.},
  journal = {Phys. Rev. C},
  volume = {103},
  issue = {4},
  pages = {044311},
  numpages = {11},
  year = {2021},
  month = {Apr},
  publisher = {American Physical Society},
  doi = {10.1103/PhysRevC.103.044311},
  url = {https://link.aps.org/doi/10.1103/PhysRevC.103.044311}
}

@misc{nudeform,
  author = {David Freire-Fernández},
  howpublished = {\url{https://github.com/DFreireF/nudeform}},
  title = {Nuclear Deformation Generator},
  year = {2024},
  publisher = {GitHub},
  journal = {GitHub repository}
}
@article{Walker1999,
    author = {Walker, Philip and Dracoulis, George},
    title = {Energy traps in atomic nuclei},
    journal = {Nature},
    volume = {399},
    number = {6731},
    pages = {35--40},
    year = {1999},
    day = {1},
    issn = {1476-4687},
    doi = {10.1038/19911},
    url = {https://doi.org/10.1038/19911}
}

@inbook{Walker2020,
  author = {Walker, Philip M. and Podoly{\'a}k, Zsolt},
  editor = {Tanihata, Isao and Toki, Hiroshi and Kajino, Toshitaka},
  title = {Nuclear Isomers},
  booktitle = {Handbook of Nuclear Physics},
  year = {2020},
  publisher = {Springer Nature Singapore},
  address = {Singapore},
  pages = {1--37},
  isbn = {978-981-15-8818-1},
  doi = {10.1007/978-981-15-8818-1_46-1},
  url = {https://doi.org/10.1007/978-981-15-8818-1_46-1}
}

@article{atlasisomers,
title = {Atlas of nuclear isomers—Second edition},
journal = {Atomic Data and Nuclear Data Tables},
volume = {150},
pages = {101546},
year = {2023},
issn = {0092-640X},
doi = {https://doi.org/10.1016/j.adt.2022.101546},
url = {https://www.sciencedirect.com/science/article/pii/S0092640X22000468},
author = {Swati Garg and Bhoomika Maheshwari and Balraj Singh and Yang Sun and Alpana Goel and Ashok Kumar Jain}
}
@book{NuclearIsomers,
    title = {Nuclear Isomers},
    subtitle = {A Primer},
    author = {Jain, Ashok Kumar and Maheshwari, Bhoomika and Goel, Alpana},
    publisher = {Springer Cham},
    year = {2021},
    day = {11},
    edition = {1},
    pages = {XV, 144},
    isbn_hardcover = {978-3-030-78674-8},
    isbn_softcover = {978-3-030-78677-9},
    doi = {10.1007/978-3-030-78675-5},
    url = {https://doi.org/10.1007/978-3-030-78675-5}
}
@article{WalkerCarroll,
    author = {Walker, Philip M. and Carroll, James J.},
    title = "{Ups and Downs of Nuclear Isomers}",
    journal = {Physics Today},
    volume = {58},
    number = {6},
    pages = {39-44},
    year = {2005},
    month = {06},
    issn = {0031-9228},
    doi = {10.1063/1.1996473},
    url = {https://doi.org/10.1063/1.1996473},
    eprint = {https://pubs.aip.org/physicstoday/article-pdf/58/6/39/16746664/39\_1\_online.pdf},
}

@article{CARROLLrelease,
title = {Nuclear structure and the search for induced energy release from isomers},
journal = {Nuclear Instruments and Methods in Physics Research Section B: Beam Interactions with Materials and Atoms},
volume = {261},
number = {1},
pages = {960-964},
year = {2007},
note = {The Application of Accelerators in Research and Industry},
issn = {0168-583X},
doi = {https://doi.org/10.1016/j.nimb.2007.04.128},
url = {https://www.sciencedirect.com/science/article/pii/S0168583X07009275},
author = {James J. Carroll},
keywords = {Nuclear structure, Isomer, Ta, Hf, Lu, Am, Induced depletion}
}
%nuclear clock
@article{Seiferle2019,
  author = {Seiferle, Benedict and von der Wense, Lars and Bilous, Pavlo V. and Amersdorffer, Ines and Lemell, Christoph and Libisch, Florian and Stellmer, Simon and Schumm, Thorsten and Düllmann, Christoph E. and Pálffy, Adriana and Thirolf, Peter G.},
  title = {Energy of the 229Th nuclear clock transition},
  journal = {Nature},
  year = {2019},
  volume = {573},
  number = {7773},
  pages = {243--246},
  issn = {1476-4687},
  doi = {10.1038/s41586-019-1533-4},
  url = {https://doi.org/10.1038/s41586-019-1533-4},
}

@article{Kraemer2023,
  author = {Kraemer, Sandro and Moens, Janni and Athanasakis-Kaklamanakis, Michail and Bara, Silvia and Beeks, Kjeld and Chhetri, Premaditya and Chrysalidis, Katerina and Claessens, Arno and Cocolios, Thomas E. and Correia, João G. M. and Witte, Hilde De and Ferrer, Rafael and Geldhof, Sarina and Heinke, Reinhard and Hosseini, Niyusha and Huyse, Mark and Köster, Ulli and Kudryavtsev, Yuri and Laatiaoui, Mustapha and Lica, Razvan and Magchiels, Goele and Manea, Vladimir and Merckling, Clement and Pereira, Lino M. C. and Raeder, Sebastian and Schumm, Thorsten and Sels, Simon and Thirolf, Peter G. and Tunhuma, Shandirai Malven and Van Den Bergh, Paul and Van Duppen, Piet and Vantomme, André and Verlinde, Matthias and Villarreal, Renan and Wahl, Ulrich},
  title = {Observation of the radiative decay of the 229Th nuclear clock isomer},
  journal = {Nature},
  year = {2023},
  volume = {617},
  number = {7962},
  pages = {706--710},
  issn = {1476-4687},
  doi = {10.1038/s41586-023-05894-z},
  url = {https://doi.org/10.1038/s41586-023-05894-z},
}

@article{Shvydko2023,
  author = {Shvyd’ko, Yuri and Röhlsberger, Ralf and Kocharovskaya, Olga and Evers, Jörg and Geloni, Gianluca Aldo and Liu, Peifan and Shu, Deming and Miceli, Antonino and Stone, Brandon and Hippler, Willi and Marx-Glowna, Berit and Uschmann, Ingo and Loetzsch, Robert and Leupold, Olaf and Wille, Hans-Christian and Sergeev, Ilya and Gerharz, Miriam and Zhang, Xiwen and Grech, Christian and Guetg, Marc and Kocharyan, Vitali and Kujala, Naresh and Liu, Shan and Qin, Weilun and Zozulya, Alexey and Hallmann, Jörg and Boesenberg, Ulrike and Jo, Wonhyuk and Möller, Johannes and Rodriguez-Fernandez, Angel and Youssef, Mohamed and Madsen, Anders and Kolodziej, Tomasz},
  title = {Resonant X-ray excitation of the nuclear clock isomer $^{45}\mathrm{Sc}$},
  journal = {Nature},
  year = {2023},
  volume = {622},
  number = {7983},
  pages = {471--475},
  issn = {1476-4687},
  doi = {10.1038/s41586-023-06491-w},
  url = {https://doi.org/10.1038/s41586-023-06491-w},
}
%medicine
@article{99mTcMedicine,
title = {Technetium-99m: An historical perspective},
journal = {The International Journal of Applied Radiation and Isotopes},
volume = {33},
number = {10},
pages = {793-799},
year = {1982},
issn = {0020-708X},
doi = {https://doi.org/10.1016/0020-708X(82)90120-X},
url = {https://www.sciencedirect.com/science/article/pii/0020708X8290120X},
author = {Powell Richards and Walter D. Tucker and Suresh C. Srivastava}
}
%nucleosynthesis
@article{Misch_2021_1,
doi = {10.3847/1538-4365/abc41d},
url = {https://dx.doi.org/10.3847/1538-4365/abc41d},
year = {2020},
publisher = {The American Astronomical Society},
volume = {252},
number = {1},
pages = {2},
author = {G. Wendell Misch and Surja K. Ghorui and Projjwal Banerjee and Yang Sun and Matthew R. Mumpower},
title = {Astromers: Nuclear Isomers in Astrophysics*},
journal = {The Astrophysical Journal Supplement Series}
}

@article{Misch_2021_2,
doi = {10.3847/2041-8213/abfb74},
url = {https://dx.doi.org/10.3847/2041-8213/abfb74},
year = {2021},
publisher = {The American Astronomical Society},
volume = {913},
number = {1},
pages = {L2},
author = {G. Wendell Misch and T. M. Sprouse and M. R. Mumpower},
title = {Astromers in the Radioactive Decay of r-process Nuclei},
journal = {The Astrophysical Journal Letters}
}

@article{ReifarthNucleosynthesis,
author = {Reifarth, Ren\'{e} and Fiebiger, Stefan and G\"{o}bel, Kathrin and Heftrich, Tanja and Kausch, Tanja and K\"{o}ppchen, Christoph and Kurtulgil, Deniz and Langer, Christoph and Thomas, Benedikt and Weigand, Mario},
title = {Treatment of isomers in nucleosynthesis codes},
journal = {International Journal of Modern Physics A},
volume = {33},
number = {09},
pages = {1843011},
year = {2018},
doi = {10.1142/S0217751X1843011X},
URL = {https://doi.org/10.1142/S0217751X1843011X},
eprint = {https://doi.org/10.1142/S0217751X1843011X}
}


@article{IsomersCosmosProceeding,
AUTHOR = {Norman, Eric B.},
TITLE = {Isomers in the Cosmos},
JOURNAL = {Atoms},
VOLUME = {11},
YEAR = {2023},
NUMBER = {11},
ARTICLE-NUMBER = {140},
URL = {https://www.mdpi.com/2218-2004/11/11/140},
ISSN = {2218-2004},
DOI = {10.3390/atoms11110140}
}

@phdthesis{gerken2021thesis,
  author = {Gerken, N.},
  title = {Isomeric Contributions to Stellar Nucleosynthesis},
  year = {2021},
  url = {https://purl.lib.fsu.edu/diginole/2021_Summer_Gerken_fsu_0071E_16472}
}

@article{nucleosynthesis93mMo,
  title = {Efficient production of the nuclear isomer $^{93m}\mathrm{Mo}$ with laser-accelerated proton beam and its astrophysical implication on $^{92}\mathrm{Mo}$ production},
  author = {Fan, Wenru and Qi, Wei and Zhang, Jingli and Cao, Zongwei and Lan, Haoyang and Li, Xinxiang and Xu, Yi and Gu, Yuqiu and Deng, Zhigang and Zhang, Zhimeng and Tan, Changxiang and Luo, Wen and Yuan, Yun and Zhou, Weimin},
  journal = {Phys. Rev. Res.},
  volume = {5},
  issue = {4},
  pages = {043120},
  numpages = {9},
  year = {2023},
  publisher = {American Physical Society},
  doi = {10.1103/PhysRevResearch.5.043120},
  url = {https://link.aps.org/doi/10.1103/PhysRevResearch.5.043120}
}

%double beta decay
@article{Engel_2017,
doi = {10.1088/1361-6633/aa5bc5},
url = {https://dx.doi.org/10.1088/1361-6633/aa5bc5},
year = {2017},
month = {mar},
publisher = {IOP Publishing},
volume = {80},
number = {4},
pages = {046301},
author = {Jonathan Engel and Javier Menéndez},
title = {Status and future of nuclear matrix elements for neutrinoless double-beta decay: a review},
journal = {Reports on Progress in Physics}
}

@article{neutrinoless2beta,
  title = {Neutrinoless double-$\ensuremath{\beta}$ decay in SU(2)\ifmmode\times\else\texttimes\fi{}U(1) theories},
  author = {Schechter, J. and Valle, J. W. F.},
  journal = {Phys. Rev. D},
  volume = {25},
  issue = {11},
  pages = {2951--2954},
  numpages = {0},
  year = {1982},
  month = {Jun},
  publisher = {American Physical Society},
  doi = {10.1103/PhysRevD.25.2951},
  url = {https://link.aps.org/doi/10.1103/PhysRevD.25.2951}
}

@article{Goeppert2beta,
  title = {Double Beta-Disintegration},
  author = {Goeppert-Mayer, M.},
  journal = {Phys. Rev.},
  volume = {48},
  issue = {6},
  pages = {512--516},
  numpages = {0},
  year = {1935},
  month = {Sep},
  publisher = {American Physical Society},
  doi = {10.1103/PhysRev.48.512},
  url = {https://link.aps.org/doi/10.1103/PhysRev.48.512}
}

% IUPAC green book
@book{IUPAC,
    author = {Renner, Terry and Cohen, E Richard and Cvitas, Tom and Frey, Jeremy G and Holström, Bertil and Kuchitsu, Kozo and Marquardt, Roberto and Mills, Ian and Pavese, Franco and Quack, Martin and Stohner, Jüergen and Strauss, Herbert L and Takami, Michio and Thor, Anders J},
    title = "{Quantities, units and symbols in physical chemistry}",
    publisher = {The Royal Society of Chemistry},
    year = {2007},
    month = {08},
    isbn = {978-0-85404-433-7},
    doi={10.1039/9781847557889},
    url={https://doi.org/10.1039/9781847557889},
}

%traps
@article{Gabrielse,
  title = {Geonium theory: Physics of a single electron or ion in a Penning trap},
  author = {Brown, Lowell S. and Gabrielse, Gerald},
  journal = {Rev. Mod. Phys.},
  volume = {58},
  issue = {1},
  pages = {233--311},
  numpages = {0},
  year = {1986},
  month = {Jan},
  publisher = {American Physical Society},
  doi = {10.1103/RevModPhys.58.233},
  url = {https://link.aps.org/doi/10.1103/RevModPhys.58.233}
}

@article{Sturm2014,
  author = {Sturm, S. and Köhler, F. and Zatorski, J. and Wagner, A. and Harman, Z. and Werth, G. and Quint, W. and Keitel, C. H. and Blaum, K.},
  title = {High-precision measurement of the atomic mass of the electron},
  journal = {Nature},
  year = {2014},
  volume = {506},
  number = {7489},
  pages = {467--470},
  month = {February},
  day = {1},
  issn = {1476-4687},
  doi = {10.1038/nature13026},
  url = {https://doi.org/10.1038/nature13026}
}

@article{heisseHighPrec,
  title = {High-precision mass spectrometer for light ions},
  author = {Hei\ss{}e, F. and Rau, S. and K\"ohler-Langes, F. and Quint, W. and Werth, G. and Sturm, S. and Blaum, K.},
  journal = {Phys. Rev. A},
  volume = {100},
  issue = {2},
  pages = {022518},
  numpages = {21},
  year = {2019},
  month = {Aug},
  publisher = {American Physical Society},
  doi = {10.1103/PhysRevA.100.022518},
  url = {https://link.aps.org/doi/10.1103/PhysRevA.100.022518}
}
@article{Smorra2017,
  author = {Smorra, C. and Sellner, S. and Borchert, M. J. and Harrington, J. A. and Higuchi, T. and Nagahama, H. and Tanaka, T. and Mooser, A. and Schneider, G. and Bohman, M. and Blaum, K. and Matsuda, Y. and Ospelkaus, C. and Quint, W. and Walz, J. and Yamazaki, Y. and Ulmer, S.},
  title = {A parts-per-billion measurement of the antiproton magnetic moment},
  journal = {Nature},
  year = {2017},
  volume = {550},
  number = {7676},
  pages = {371--374},
  month = {October},
  day = {1},
  issn = {1476-4687},
  doi = {10.1038/nature24048},
  url = {https://doi.org/10.1038/nature24048}
}

@article{BLAUM20061,
title = {High-accuracy mass spectrometry with stored ions},
journal = {Physics Reports},
volume = {425},
number = {1},
pages = {1-78},
year = {2006},
issn = {0370-1573},
doi = {https://doi.org/10.1016/j.physrep.2005.10.011},
url = {https://www.sciencedirect.com/science/article/pii/S0370157305004643},
author = {Klaus Blaum},
keywords = {Atomic masses, Binding energy, Ion cooling techniques, Ion detection techniques, Nuclear masses, Paul trap, Penning trap, Storage ring},
}

% heavy-ion rings
@article{STECK2020,
title = {Heavy-ion storage rings and their use in precision experiments with highly charged ions},
journal = {Progress in Particle and Nuclear Physics},
volume = {115},
pages = {103811},
year = {2020},
issn = {0146-6410},
doi = {https://doi.org/10.1016/j.ppnp.2020.103811},
url = {https://www.sciencedirect.com/science/article/pii/S0146641020300582},
author = {Markus Steck and Yuri A. Litvinov},
keywords = {Heavy-Ion Storage Rings, Highly Charged Ions, Precision Experiments}
}

@article{reneTarget,
  title = {Spallation-based neutron target for direct studies of neutron-induced reactions in inverse kinematics},
  author = {Reifarth, Ren\'e and G\"obel, Kathrin and Heftrich, Tanja and Weigand, Mario and Jurado, Beatriz and K\"appeler, Franz and Litvinov, Yuri A.},
  journal = {Phys. Rev. Accel. Beams},
  volume = {20},
  issue = {4},
  pages = {044701},
  numpages = {8},
  year = {2017},
  month = {Apr},
  publisher = {American Physical Society},
  doi = {10.1103/PhysRevAccelBeams.20.044701},
  url = {https://link.aps.org/doi/10.1103/PhysRevAccelBeams.20.044701}
}

@article{reneReactor,
  title = {Measurements of neutron-induced reactions in inverse kinematics},
  author = {Reifarth, Ren\'e and Litvinov, Yuri A.},
  journal = {Phys. Rev. ST Accel. Beams},
  volume = {17},
  issue = {1},
  pages = {014701},
  numpages = {9},
  year = {2014},
  month = {Jan},
  publisher = {American Physical Society},
  doi = {10.1103/PhysRevSTAB.17.014701},
  url = {https://link.aps.org/doi/10.1103/PhysRevSTAB.17.014701}
}


@article{gasjetESR,
title = {The ESR internal target},
journal = {Nuclear Physics A},
volume = {626},
number = {1},
pages = {417-425},
year = {1997},
note = {Proceedings of the Third International Conference on Nuclear Physics at Storage Rings},
issn = {0375-9474},
doi = {https://doi.org/10.1016/S0375-9474(97)00564-2},
url = {https://www.sciencedirect.com/science/article/pii/S0375947497005642},
author = {H. Reich and W. Bourgeois and B. Franzke and A. Kritzer and V. Varentsov}
}

@article{Jan124Xe,
  title = {Approaching the Gamow Window with Stored Ions: Direct Measurement of $^{124}\text{X}\text{e}(p,\ensuremath{\gamma})$ in the ESR Storage Ring},
  author = {Glorius, J. and Langer, C. and Slavkovsk\'a, Z. and Bott, L. and Brandau, C. and Br\"uckner, B. and Blaum, K. and Chen, X. and Dababneh, S. and Davinson, T. and Erbacher, P. and Fiebiger, S. and Ga\ss{}ner, T. and G\"obel, K. and Groothuis, M. and Gumberidze, A. and Gy\"urky, G. and Heil, M. and Hess, R. and Hensch, R. and Hillmann, P. and Hillenbrand, P.-M. and Hinrichs, O. and Jurado, B. and Kausch, T. and Khodaparast, A. and Kisselbach, T. and Klapper, N. and Kozhuharov, C. and Kurtulgil, D. and Lane, G. and Lederer-Woods, C. and Lestinsky, M. and Litvinov, S. and Litvinov, Yu. A. and L\"oher, B. and Nolden, F. and Petridis, N. and Popp, U. and Rauscher, T. and Reed, M. and Reifarth, R. and Sanjari, M. S. and Savran, D. and Simon, H. and Spillmann, U. and Steck, M. and St\"ohlker, T. and Stumm, J. and Surzhykov, A. and Sz\"ucs, T. and Nguyen, T. T. and Taremi Zadeh, A. and Thomas, B. and Torilov, S. Yu. and T\"ornqvist, H. and Tr\"ager, M. and Trageser, C. and Trotsenko, S. and Varga, L. and Volknandt, M. and Weick, H. and Weigand, M. and Wolf, C. and Woods, P. J. and Xing, Y. M.},
  journal = {Phys. Rev. Lett.},
  volume = {122},
  issue = {9},
  pages = {092701},
  numpages = {6},
  year = {2019},
  month = {Mar},
  publisher = {American Physical Society},
  doi = {10.1103/PhysRevLett.122.092701},
  url = {https://link.aps.org/doi/10.1103/PhysRevLett.122.092701}
}

@article{LitvinovChen,
  author = {Litvinov, Yury A. and Chen, Rui Jiu},
  title = {Radioactive decays of stored highly charged ions},
  journal = {The European Physical Journal A},
  year = {2023},
  volume = {59},
  number = {5},
  pages = {102},
  month = {May},
  day = {10},
  issn = {1434-601X},
  doi = {10.1140/epja/s10050-023-00978-w},
  url = {https://doi.org/10.1140/epja/s10050-023-00978-w}
}

@article{GLORIUS2023,
title = {Storage, accumulation and deceleration of secondary beams for nuclear astrophysics},
journal = {Nuclear Instruments and Methods in Physics Research Section B: Beam Interactions with Materials and Atoms},
volume = {541},
pages = {190-193},
year = {2023},
issn = {0168-583X},
doi = {https://doi.org/10.1016/j.nimb.2023.04.059},
url = {https://www.sciencedirect.com/science/article/pii/S0168583X23001957},
author = {J. Glorius and Yu. A. Litvinov and M. Aliotta and F. Amjad and B. Brückner and C.G. Bruno and R. Chen and T. Davinson and S.F. Dellmann and T. Dickel and I. Dillmann and P. Erbacher and O. Forstner and H. Geissel and C.J. Griffin and R. Grisenti and A. Gumberidze and E. Haettner and R. Hess and P.-M. Hillenbrand and C. Hornung and R. Joseph and B. Jurado and E. Kazanseva and R. Knöbel and D. Kostyleva and C. Kozhuharov and N. Kuzminchuk and C. Langer and G. Leckenby and C. Lederer-Woods and M. Lestinsky and S. Litvinov and B. Löher and B. Lorenz and E. Lorenz and J. Marsh and E. Menz and T. Morgenroth and I. Mukha and N. Petridis and U. Popp and A. Psaltis and S. Purushothaman and R. Reifarth and E. Rocco and P. Roy and M.S. Sanjari and C. Scheidenberger and M. Sguazzin and R.S. Sidhu and U. Spillmann and M. Steck and T. Stöhlker and J.A. Swartz and Y.K. Tanaka and H. Törnqvist and L. Varga and D. Vescovi and H. Weick and M. Weigand and P.J. Woods and T. Yamaguchi and J. Zhao},
keywords = {Rare ion beams, Storage rings, In-flight production, Nuclear reaction}
}
@phdthesis{Dellmann2024,
  author = {Dellmann, S. F.},
  title = {First proton capture reactions on stored radioactive ions},
  year = {2024},
  institution = {Johann Wolfgang Goethe-Universität Frankfurt am Main},
  url = {https://doi.org/10.21248/gups.82236},
  doi = {10.21248/gups.82236}
}
%RINGS#
@article{ESR,
title = {The heavy ion storage and cooler ring project ESR at GSI},
journal = {Nuclear Instruments and Methods in Physics Research Section B: Beam Interactions with Materials and Atoms},
volume = {24-25},
pages = {18-25},
year = {1987},
issn = {0168-583X},
doi = {https://doi.org/10.1016/0168-583X(87)90583-0},
url = {https://www.sciencedirect.com/science/article/pii/0168583X87905830},
author = {Bernhard Franzke}
}
@article{CSRe,
title = {The heavy ion cooler-storage-ring project (HIRFL-CSR) at Lanzhou},
journal = {Nuclear Instruments and Methods in Physics Research Section A: Accelerators, Spectrometers, Detectors and Associated Equipment},
volume = {488},
number = {1},
pages = {11-25},
year = {2002},
issn = {0168-9002},
doi = {https://doi.org/10.1016/S0168-9002(02)00475-8},
url = {https://www.sciencedirect.com/science/article/pii/S0168900202004758},
author = {J.W. Xia and W.L. Zhan and B.W. Wei and Y.J. Yuan and M.T. Song and W.Z. Zhang and X.D. Yang and P. Yuan and D.Q. Gao and H.W. Zhao and X.T. Yang and G.Q. Xiao and K.T. Man and J.R. Dang and X.H. Cai and Y.F. Wang and J.Y. Tang and W.M. Qiao and Y.N. Rao and Y. He and L.Z. Mao and Z.Z. Zhou},
keywords = {Project, Cooler, Storage ring, e-cooling, Lattice}
}

@article{R3,
    author = {Ozawa, A. and Uesaka, T. and Wakasugi, M. and the Rare-RI Ring Collaboration},
    title = {The rare-RI ring},
    journal = {Progress of Theoretical and Experimental Physics},
    volume = {2012},
    number = {1},
    pages = {03C009},
    year = {2012},
    month = {12},
    issn = {2050-3911},
    doi = {10.1093/ptep/pts060},
    url = {https://doi.org/10.1093/ptep/pts060},
    eprint = {https://academic.oup.com/ptep/article-pdf/2012/1/03C009/11594752/pts060.pdf},
}

%SMS
@article{sms1,
doi = {10.1088/0031-8949/1995/T59/021},
url = {https://dx.doi.org/10.1088/0031-8949/1995/T59/021},
year = {1995},
month = {jan},
publisher = {},
volume = {1995},
number = {T59},
pages = {176},
author = {B Franzke and  K Beckert and  H Eickhoff and  F Nolden and  H Reich and  U Schaaf and  B Schlitt and  A Schwinn and  M Steck and  Th Winkler},
title = {Schottky mass spectrometry at the experimental storage ring ESR},
journal = {Physica Scripta}
}
@article{radonSMS,
  title = {Schottky Mass Measurements of Cooled Proton-Rich Nuclei at the GSI Experimental Storage Ring},
  author = {Radon, T. and Kerscher, Th. and Schlitt, B. and Beckert, K. and Beha, T. and Bosch, F. and Eickhoff, H. and Franzke, B. and Fujita, Y. and Geissel, H. and Hausmann, M. and Irnich, H. and Jung, H. C. and Klepper, O. and Kluge, H.-J. and Kozhuharov, C. and Kraus, G. and L\"obner, K. E. G. and M\"unzenberg, G. and Novikov, Yu. and Nickel, F. and Nolden, F. and Patyk, Z. and Reich, H. and Scheidenberger, C. and Schwab, W. and Steck, M. and S\"ummerer, K. and Wollnik, H.},
  journal = {Phys. Rev. Lett.},
  volume = {78},
  issue = {25},
  pages = {4701--4704},
  numpages = {0},
  year = {1997},
  month = {Jun},
  publisher = {American Physical Society},
  doi = {10.1103/PhysRevLett.78.4701},
  url = {https://link.aps.org/doi/10.1103/PhysRevLett.78.4701}
}
%transition crossing
@book{transitioncrossing,
  author = {Métral, E. and Möhl, D.},
  title = {Transition crossing},
  booktitle = {Fifty years of the CERN proton synchrotron},
  editor = {Gilardoni, S. and Manglunki, D.},
  volume = {1},
  year = {2011},
  organization = {CERN},
  series = {CERN-2011-004},
  pages = {59},
  doi = {10.5170/CERN-2011-004},
  url = {http://dx.doi.org/10.5170/CERN-2011-004}
}


%cooling
@article{ecooling1,
doi = {10.1070/PU1978v021n04ABEH005537},
url = {https://dx.doi.org/10.1070/PU1978v021n04ABEH005537},
year = {1978},
month = {apr},
publisher = {},
volume = {21},
number = {4},
pages = {277},
author = {G I Budker and  Aleksandr N Skrinskiĭ},
title = {Electron cooling and new possibilities in elementary particle
physics},
journal = {Soviet Physics Uspekhi}
}
@techreport{stochasticcooling1,
      author        = "van der Meer, S",
      title         = "{Stochastic damping of betatron oscillations in the ISR}",
      institution   = "CERN",
      reportNumber  = "CERN-ISR-PO-72-31, ISR-PO-72-31",
      address       = "Geneva",
      year          = "1972",
      url           = "https://cds.cern.ch/record/312939",
}
@article{laserTSR,
  title = {First laser cooling of relativistic ions in a storage ring},
  author = {Schr\"oder, S. and Klein, R. and Boos, N. and Gerhard, M. and Grieser, R. and Huber, G. and Karafillidis, A. and Krieg, M. and Schmidt, N. and K\"uhl, T. and Neumann, R. and Balykin, V. and Grieser, M. and Habs, D. and Jaeschke, E. and Kr\"amer, D. and Kristensen, M. and Music, M. and Petrich, W. and Schwalm, D. and Sigray, P. and Steck, M. and Wanner, B. and Wolf, A.},
  journal = {Phys. Rev. Lett.},
  volume = {64},
  issue = {24},
  pages = {2901--2904},
  numpages = {0},
  year = {1990},
  month = {Jun},
  publisher = {American Physical Society},
  doi = {10.1103/PhysRevLett.64.2901},
  url = {https://link.aps.org/doi/10.1103/PhysRevLett.64.2901}
}
@article{ecoolSteck,
title = {Electron cooling experiments at the ESR},
journal = {Nuclear Instruments and Methods in Physics Research Section A: Accelerators, Spectrometers, Detectors and Associated Equipment},
volume = {532},
number = {1},
pages = {357-365},
year = {2004},
note = {International Workshop on Beam Cooling and Related Topics},
issn = {0168-9002},
doi = {https://doi.org/10.1016/j.nima.2004.06.065},
url = {https://www.sciencedirect.com/science/article/pii/S0168900204012689},
author = {M. Steck and P. Beller and K. Beckert and B. Franzke and F. Nolden},
keywords = {Highly charged ions, Storage ring, Electron cooling, Beam ordering}
}

@article{stochasticESR,
title = {Stochastic cooling at the ESR},
journal = {Nuclear Instruments and Methods in Physics Research Section A: Accelerators, Spectrometers, Detectors and Associated Equipment},
volume = {441},
number = {1},
pages = {219-222},
year = {2000},
issn = {0168-9002},
doi = {https://doi.org/10.1016/S0168-9002(99)01136-5},
url = {https://www.sciencedirect.com/science/article/pii/S0168900299011365},
author = {F Nolden and K Beckert and F Caspers and B Franczak and B Franzke and R Menges and A Schwinn and M Steck},
keywords = {Storage rings, Heavy ions, Beam cooling, rf components}
}

%electromagnetic
@article{WeisskopfTransitions,
  title = {Radiative Transition Probabilities in Nuclei},
  author = {Weisskopf, V. F.},
  journal = {Phys. Rev.},
  volume = {83},
  issue = {5},
  pages = {1073--1073},
  numpages = {0},
  year = {1951},
  month = {Sep},
  publisher = {American Physical Society},
  doi = {10.1103/PhysRev.83.1073},
  url = {https://link.aps.org/doi/10.1103/PhysRev.83.1073}
}
@book{Gilmore2008,
  author = {Gilmore, Gordon R.},
  title = {Practical Gamma-Ray Spectrometry},
  year = {2008},
  publisher = {John Wiley \& Sons, Ltd},
  isbn = {9780470861967},
  doi = {10.1002/9780470861981},
  url = {https://doi.org/10.1002/9780470861981}
}
% gamma spectrometers
@article{AGATA,
title = {AGATA—Advanced GAmma Tracking Array},
journal = {Nuclear Instruments and Methods in Physics Research Section A: Accelerators, Spectrometers, Detectors and Associated Equipment},
volume = {668},
pages = {26-58},
year = {2012},
issn = {0168-9002},
doi = {https://doi.org/10.1016/j.nima.2011.11.081},
url = {https://www.sciencedirect.com/science/article/pii/S0168900211021516},
author = {S. Akkoyun and A. Algora and B. Alikhani and F. Ameil and G. {de Angelis} and L. Arnold and A. Astier and A. Ataç and Y. Aubert and C. Aufranc and A. Austin and S. Aydin and F. Azaiez and S. Badoer and D.L. Balabanski and D. Barrientos and G. Baulieu and R. Baumann and D. Bazzacco and F.A. Beck and T. Beck and P. Bednarczyk and M. Bellato and M.A. Bentley and G. Benzoni and R. Berthier and L. Berti and R. Beunard and G. {Lo Bianco} and B. Birkenbach and P.G. Bizzeti and A.M. Bizzeti-Sona and F. {Le Blanc} and J.M. Blasco and N. Blasi and D. Bloor and C. Boiano and M. Borsato and D. Bortolato and A.J. Boston and H.C. Boston and P. Bourgault and P. Boutachkov and A. Bouty and A. Bracco and S. Brambilla and I.P. Brawn and A. Brondi and S. Broussard and B. Bruyneel and D. Bucurescu and I. Burrows and A. Bürger and S. Cabaret and B. Cahan and E. Calore and F. Camera and A. Capsoni and F. Carrió and G. Casati and M. Castoldi and B. Cederwall and J.-L. Cercus and V. Chambert and M. {El Chambit} and R. Chapman and L. Charles and J. Chavas and E. Clément and P. Cocconi and S. Coelli and P.J. Coleman-Smith and A. Colombo and S. Colosimo and C. Commeaux and D. Conventi and R.J. Cooper and A. Corsi and A. Cortesi and L. Costa and F.C.L. Crespi and J.R. Cresswell and D.M. Cullen and D. Curien and A. Czermak and D. Delbourg and R. Depalo and T. Descombes and P. Désesquelles and P. Detistov and C. Diarra and F. Didierjean and M.R. Dimmock and Q.T. Doan and C. Domingo-Pardo and M. Doncel and F. Dorangeville and N. Dosme and Y. Drouen and G. Duchêne and B. Dulny and J. Eberth and P. Edelbruck and J. Egea and T. Engert and M.N. Erduran and S. Ertürk and C. Fanin and S. Fantinel and E. Farnea and T. Faul and M. Filliger and F. Filmer and Ch. Finck and G. {de France} and A. Gadea and W. Gast and A. Geraci and J. Gerl and R. Gernhäuser and A. Giannatiempo and A. Giaz and L. Gibelin and A. Givechev and N. Goel and V. González and A. Gottardo and X. Grave and J. Gre¸bosz and R. Griffiths and A.N. Grint and P. Gros and L. Guevara and M. Gulmini and A. Görgen and H.T.M. Ha and T. Habermann and L.J. Harkness and H. Harroch and K. Hauschild and C. He and A. Hernández-Prieto and B. Hervieu and H. Hess and T. Hüyük and E. Ince and R. Isocrate and G. Jaworski and A. Johnson and J. Jolie and P. Jones and B. Jonson and P. Joshi and D.S. Judson and A. Jungclaus and M. Kaci and N. Karkour and M. Karolak and A. Kaşkaş and M. Kebbiri and R.S. Kempley and A. Khaplanov and S. Klupp and M. Kogimtzis and I. Kojouharov and A. Korichi and W. Korten and Th. Kröll and R. Krücken and N. Kurz and B.Y. Ky and M. Labiche and X. Lafay and L. Lavergne and I.H. Lazarus and S. Leboutelier and F. Lefebvre and E. Legay and L. Legeard and F. Lelli and S.M. Lenzi and S. Leoni and A. Lermitage and D. Lersch and J. Leske and S.C. Letts and S. Lhenoret and R.M. Lieder and D. Linget and J. Ljungvall and A. Lopez-Martens and A. Lotodé and S. Lunardi and A. Maj and J. {van der Marel} and Y. Mariette and N. Marginean and R. Marginean and G. Maron and A.R. Mather and W. Me¸czyński and V. Mendéz and P. Medina and B. Melon and R. Menegazzo and D. Mengoni and E. Merchan and L. Mihailescu and C. Michelagnoli and J. Mierzejewski and L. Milechina and B. Million and K. Mitev and P. Molini and D. Montanari and S. Moon and F. Morbiducci and R. Moro and P.S. Morrall and O. Möller and A. Nannini and D.R. Napoli and L. Nelson and M. Nespolo and V.L. Ngo and M. Nicoletto and R. Nicolini and Y. {Le Noa} and P.J. Nolan and M. Norman and J. Nyberg and A. Obertelli and A. Olariu and R. Orlandi and D.C. Oxley and C. Özben and M. Ozille and C. Oziol and E. Pachoud and M. Palacz and J. Palin and J. Pancin and C. Parisel and P. Pariset and G. Pascovici and R. Peghin and L. Pellegri and A. Perego and S. Perrier and M. Petcu and P. Petkov and C. Petrache and E. Pierre and N. Pietralla and S. Pietri and M. Pignanelli and I. Piqueras and Z. Podolyak and P. {Le Pouhalec} and J. Pouthas and D. Pugnére and V.F.E. Pucknell and A. Pullia and B. Quintana and R. Raine and G. Rainovski and L. Ramina and G. Rampazzo and G. {La Rana} and M. Rebeschini and F. Recchia and N. Redon and M. Reese and P. Reiter and P.H. Regan and S. Riboldi and M. Richer and M. Rigato and S. Rigby and G. Ripamonti and A.P. Robinson and J. Robin and J. Roccaz and J.-A. Ropert and B. Rossé and C. {Rossi Alvarez} and D. Rosso and B. Rubio and D. Rudolph and F. Saillant and E. Şahin and F. Salomon and M.-D. Salsac and J. Salt and G. Salvato and J. Sampson and E. Sanchis and C. Santos and H. Schaffner and M. Schlarb and D.P. Scraggs and D. Seddon and M. Şenyiğit and M.-H. Sigward and G. Simpson and J. Simpson and M. Slee and J.F. Smith and P. Sona and B. Sowicki and P. Spolaore and C. Stahl and T. Stanios and E. Stefanova and O. Stézowski and J. Strachan and G. Suliman and P.-A. Söderström and J.L. Tain and S. Tanguy and S. Tashenov and Ch. Theisen and J. Thornhill and F. Tomasi and N. Toniolo and R. Touzery and B. Travers and A. Triossi and M. Tripon and K.M.M. Tun-Lanoë and M. Turcato and C. Unsworth and C.A. Ur and J.J. Valiente-Dobon and V. Vandone and E. Vardaci and R. Venturelli and F. Veronese and Ch. Veyssiere and E. Viscione and R. Wadsworth and P.M. Walker and N. Warr and C. Weber and D. Weisshaar and D. Wells and O. Wieland and A. Wiens and G. Wittwer and H.J. Wollersheim and F. Zocca and N.V. Zamfir and M. Zie¸bliński and A. Zucchiatti},
keywords = {AGATA,  spectroscopy,  tracking, HPGe detectors, Digital signal processing, Pulse-shape and  tracking algorithms, Semiconductor detector performance and simulations}
}

@article{KortenAGATA,
  author = {Korten, W. and Atac, A. and Beaumel, D. and Bednarczyk, P. and Bentley, M. A. and Benzoni, G. and Boston, A. and Bracco, A. and Cederkäll, J. and Cederwall, B. and Ciemała, M. and Clément, E. and Crespi, F. C. L. and Curien, D. and de Angelis, G. and Didierjean, F. and Doherty, D. T. and Dombradi, Zs. and Duchêne, G. and Dudek, J. and Fernandez-Dominguez, B. and Fornal, B. and Gadea, A. and Gaffney, L. P. and Gerl, J. and Gladnishki, K. and Goasduff, A. and Górska, M. and Greenlees, P. T. and Hess, H. and Jenkins, D. G. and John, P. R. and Jungclaus, A. and Kmiecik, M. and Korichi, A. and Labiche, M. and Leoni, S. and Ljungvall, J. and Lopez-Martens, A. and Maj, A. and Mengoni, D. and Million, B. and Nannini, A. and Napoli, D. and Nolan, P. J. and Nyberg, J. and Obertelli, A. and Pakarinen, J. and Pietralla, N. and Podolyák, Zs. and Quintana, B. and Raabe, R. and Rainovski, G. and Recchia, F. and Reiter, P. and Rudolph, D. and Simpson, J. and Theisen, Ch. and Tonev, D. and Tumino, A. and Valiente-Dobón, J. J. and Wieland, O. and Wimmer, K. and Zielińska, M. and {the AGATA Collaboration}},
  title = {Physics opportunities with the Advanced Gamma Tracking Array: AGATA},
  journal = {The European Physical Journal A},
  year = {2020},
  volume = {56},
  number = {5},
  pages = {137},
  month = {May},
  day = {19},
  issn = {1434-601X},
  doi = {10.1140/epja/s10050-020-00132-w},
  url = {https://doi.org/10.1140/epja/s10050-020-00132-w}
}

@article{EberthAGATA,
  author = {Eberth, J. and Hess, H. and Reiter, P. and Bertoldo, S. and Carraro, C. and Maggioni, G. and Napoli, D. R. and Raniero, W. and De Salvador, D.},
  title = {Agata detector technology: recent progress and future developments},
  journal = {The European Physical Journal A},
  year = {2023},
  volume = {59},
  number = {8},
  pages = {179},
  month = {August},
  day = {3},
  issn = {1434-601X},
  doi = {10.1140/epja/s10050-023-01093-6},
  url = {https://doi.org/10.1140/epja/s10050-023-01093-6}
}

%free neutron decay
@article{freeneutrondecay,
  title = {Improved Neutron Lifetime Measurement with $\mathrm{UCN}\ensuremath{\tau}$},
  author = {Gonzalez, F. M. and Fries, E. M. and Cude-Woods, C. and Bailey, T. and Blatnik, M. and Broussard, L. J. and Callahan, N. B. and Choi, J. H. and Clayton, S. M. and Currie, S. A. and Dawid, M. and Dees, E. B. and Filippone, B. W. and Fox, W. and Geltenbort, P. and George, E. and Hayen, L. and Hickerson, K. P. and Hoffbauer, M. A. and Hoffman, K. and Holley, A. T. and Ito, T. M. and Komives, A. and Liu, C.-Y. and Makela, M. and Morris, C. L. and Musedinovic, R. and O'Shaughnessy, C. and Pattie, R. W. and Ramsey, J. and Salvat, D. J. and Saunders, A. and Sharapov, E. I. and Slutsky, S. and Su, V. and Sun, X. and Swank, C. and Tang, Z. and Uhrich, W. and Vanderwerp, J. and Walstrom, P. and Wang, Z. and Wei, W. and Young, A. R.},
  collaboration = {$\mathrm{UCN}\ensuremath{\tau}$ Collaboration},
  journal = {Phys. Rev. Lett.},
  volume = {127},
  issue = {16},
  pages = {162501},
  numpages = {6},
  year = {2021},
  month = {Oct},
  publisher = {American Physical Society},
  doi = {10.1103/PhysRevLett.127.162501},
  url = {https://link.aps.org/doi/10.1103/PhysRevLett.127.162501}
}

%shpe isomers
@article{72krshapeisomer,
  title = {New Shape Isomer in the Self-Conjugate Nucleus $^{\mathrm{72}}\mathrm{K}\mathrm{r}$},
  author = {Bouchez, E. and Matea, I. and Korten, W. and Becker, F. and Blank, B. and Borcea, C. and Buta, A. and Emsallem, A. and de France, G. and Genevey, J. and Hannachi, F. and Hauschild, K. and H\"urstel, A. and Le Coz, Y. and Lewitowicz, M. and Lucas, R. and Negoita, F. and  Santos, F. de Oliveira and Pantelica, D. and Pinston, J. and Rahkila, P. and Rejmund, M. and Stanoiu, M. and Theisen, Ch.},
  journal = {Phys. Rev. Lett.},
  volume = {90},
  issue = {8},
  pages = {082502},
  numpages = {4},
  year = {2003},
  month = {Feb},
  publisher = {American Physical Society},
  doi = {10.1103/PhysRevLett.90.082502},
  url = {https://link.aps.org/doi/10.1103/PhysRevLett.90.082502}
}

% The Nuclear Many-Body Problem
@book{RingSchuck1980,
  title = {The Nuclear Many-Body Problem},
  author = {Ring, Peter and Schuck, Peter},
  series = {Theoretical and Mathematical Physics},
  publisher = {Springer Berlin, Heidelberg},
  year = {1980},
  copyright = {Springer-Verlag Berlin Heidelberg 1980},
  isbn = {978-3-540-21206-5},
  edition = {1}
}

% SCCM
@article{sccm,
title = {Symmetry conserving configuration mixing method with cranked states},
journal = {Physics Letters B},
volume = {746},
pages = {341-346},
year = {2015},
issn = {0370-2693},
doi = {https://doi.org/10.1016/j.physletb.2015.05.030},
url = {https://www.sciencedirect.com/science/article/pii/S0370269315003676},
author = {Marta Borrajo and Tomás R. Rodríguez and J. {Luis Egido}},
keywords = {Beyond-mean-field theories, GCM, Time-reversal symmetry breaking, Density functionals}
}

@article{hfbt,
  title = {Hartree-Fock-Bogoliubov predictions for shape isomerism in nonfissile even-even nuclei},
  author = {Girod, M. and Delaroche, J. P. and Gogny, D. and Berger, J. F.},
  journal = {Phys. Rev. Lett.},
  volume = {62},
  issue = {21},
  pages = {2452--2455},
  numpages = {0},
  year = {1989},
  month = {May},
  publisher = {American Physical Society},
  doi = {10.1103/PhysRevLett.62.2452},
  url = {https://link.aps.org/doi/10.1103/PhysRevLett.62.2452}
}

%shape coexistence
@article{shapeCoex,
  title = {Shape coexistence in atomic nuclei},
  author = {Heyde, Kris and Wood, John L.},
  journal = {Rev. Mod. Phys.},
  volume = {83},
  issue = {4},
  pages = {1467--1521},
  numpages = {0},
  year = {2011},
  publisher = {American Physical Society},
  doi = {10.1103/RevModPhys.83.1467},
  url = {https://link.aps.org/doi/10.1103/RevModPhys.83.1467}
}
@article{GARRETT2022,
title = {An experimental view on shape coexistence in nuclei},
journal = {Progress in Particle and Nuclear Physics},
volume = {124},
pages = {103931},
year = {2022},
issn = {0146-6410},
doi = {https://doi.org/10.1016/j.ppnp.2021.103931},
url = {https://www.sciencedirect.com/science/article/pii/S0146641021000922},
author = {Paul E. Garrett and Magda Zielińska and Emmanuel Clément},
keywords = {Nuclear shapes, Shape coexistence, Collective excitations, Nuclear spectroscopy}
}

@article{PhysRevC.107.024308,
  title = {Shape and multiple shape coexistence of nuclei within covariant density functional theory},
  author = {Yang, Y. L. and Zhao, P. W. and Li, Z. P.},
  journal = {Phys. Rev. C},
  volume = {107},
  issue = {2},
  pages = {024308},
  numpages = {10},
  year = {2023},
  publisher = {American Physical Society},
  doi = {10.1103/PhysRevC.107.024308},
  url = {https://link.aps.org/doi/10.1103/PhysRevC.107.024308}
}

@article{Görgen_2016,
doi = {10.1088/0954-3899/43/2/024002},
url = {https://dx.doi.org/10.1088/0954-3899/43/2/024002},
year = {2016},
month = {jan},
publisher = {IOP Publishing},
volume = {43},
number = {2},
pages = {024002},
author = {Andreas Görgen and Wolfram Korten},
title = {Coulomb excitation studies of shape coexistence in atomic nuclei},
journal = {Journal of Physics G: Nuclear and Particle Physics}
}

%nucleosynthesis
@book{rolfs1988cauldrons,
  title={Cauldrons in the Cosmos: Nuclear Astrophysics},
  author={Rolfs, C.E. and Rodney, W.S.},
  isbn={9780226724577},
  lccn={87016786},
  series={Theoretical Astrophysics},
  url={https://books.google.de/books?id=BHKLFPUS1RcC},
  year={1988},
  publisher={University of Chicago Press}
}

@article{Freiburghaus_1999,
doi = {10.1086/312343},
url = {https://dx.doi.org/10.1086/312343},
year = {1999},
month = {oct},
publisher = {},
volume = {525},
number = {2},
pages = {L121},
author = {C. Freiburghaus and S. Rosswog and F.-K. Thielemann},
title = {r-Process in Neutron Star
Mergers},
journal = {The Astrophysical Journal}
}

@article{COWAN1991267,
title = {The R-process and nucleochronology},
journal = {Physics Reports},
volume = {208},
number = {4},
pages = {267-394},
year = {1991},
issn = {0370-1573},
doi = {https://doi.org/10.1016/0370-1573(91)90070-3},
url = {https://www.sciencedirect.com/science/article/pii/0370157391900703},
author = {John J. Cowan and Friedrich-Karl Thielemann and James W. Truran}
}

@article{RevModPhys.83.157,
  title = {The $s$ process: Nuclear physics, stellar models, and observations},
  author = {K\"appeler, F. and Gallino, R. and Bisterzo, S. and Aoki, Wako},
  journal = {Rev. Mod. Phys.},
  volume = {83},
  issue = {1},
  pages = {157--193},
  numpages = {0},
  year = {2011},
  month = {Apr},
  publisher = {American Physical Society},
  doi = {10.1103/RevModPhys.83.157},
  url = {https://link.aps.org/doi/10.1103/RevModPhys.83.157}
}

@article{ARNOULD20031,
title = {The p-process of stellar nucleosynthesis: astrophysics and nuclear physics status},
journal = {Physics Reports},
volume = {384},
number = {1},
pages = {1-84},
year = {2003},
issn = {0370-1573},
doi = {https://doi.org/10.1016/S0370-1573(03)00242-4},
url = {https://www.sciencedirect.com/science/article/pii/S0370157303002424},
author = {M. Arnould and S. Goriely},
keywords = {Solar system: composition, Stellar nucleosynthesis: p-process, Nuclear reactions, Statistical model}
}

@article{WoosleyHoward1978,
  title = {The p-processes in supernovae},
  author = {Woosley, S. E. and Howard, W. M.},
  journal = {Astrophysical Journal Supplement Series},
  volume = {36},
  pages = {285--304},
  month = {February},
  year = {1978},
  doi = {10.1086/190501}
}

@article{SCHATZ1998167,
title = {rp-process nucleosynthesis at extreme temperature and density conditions},
journal = {Physics Reports},
volume = {294},
number = {4},
pages = {167-263},
year = {1998},
issn = {0370-1573},
doi = {https://doi.org/10.1016/S0370-1573(97)00048-3},
url = {https://www.sciencedirect.com/science/article/pii/S0370157397000483},
author = {H. Schatz and A. Aprahamian and J. Görres and M. Wiescher and T. Rauscher and J.F. Rembges and F.-K. Thielemann and B. Pfeiffer and P. Möller and K.-L. Kratz and H. Herndl and B.A. Brown and H. Rebel},
keywords = {Thermonuclear reaction rates, Mass models, X-ray burst, Black hole}
}

@article{energymass,
author = {Einstein, A.},
title = {Ist die Trägheit eines Körpers von seinem Energieinhalt abhängig?},
journal = {Annalen der Physik},
volume = {323},
number = {13},
pages = {639-641},
doi = {https://doi.org/10.1002/andp.19053231314},
url = {https://onlinelibrary.wiley.com/doi/abs/10.1002/andp.19053231314},
eprint = {https://onlinelibrary.wiley.com/doi/pdf/10.1002/andp.19053231314},
year = {1905}
}

@article{standardmodel,
  title = {The standard model of particle physics},
  author = {Gaillard, Mary K. and Grannis, Paul D. and Sciulli, Frank J.},
  journal = {Rev. Mod. Phys.},
  volume = {71},
  issue = {2},
  pages = {S96--S111},
  numpages = {0},
  year = {1999},
  month = {Mar},
  publisher = {American Physical Society},
  doi = {10.1103/RevModPhys.71.S96},
  url = {https://link.aps.org/doi/10.1103/RevModPhys.71.S96}
}

@book{TheStandardModelAndBeyond,
  title = {The Standard Model and Beyond},
  publisher = {Taylor \& Francis},
  year = {2017},
  author = {Langacker, Paul},
  address = {Publication place not specified},
  doi = {10.1201/b22175},
  isbn = {9781498763226, 9781498763219, 9780367573447, 9781315170626, 9781498763226},
  url = {https://library.oapen.org/handle/20.500.12657/50890},
  keywords = {Gauge Theory; Higgs Boson; High-energy physics; Particle physics; Strong Interaction; Weak Interaction}
}

@article{KIBEDI2008202,
title = {Evaluation of theoretical conversion coefficients using BrIcc},
journal = {Nuclear Instruments and Methods in Physics Research Section A: Accelerators, Spectrometers, Detectors and Associated Equipment},
volume = {589},
number = {2},
pages = {202-229},
year = {2008},
issn = {0168-9002},
doi = {https://doi.org/10.1016/j.nima.2008.02.051},
url = {https://www.sciencedirect.com/science/article/pii/S0168900208002520},
author = {T. Kibédi and T.W. Burrows and M.B. Trzhaskovskaya and P.M. Davidson and C.W. Nestor},
keywords = {Nuclear structure, Electromagnetic transitions, Internal conversion coefficients, Internal pair production,  electronic factors},
}

@article{scipy,
  author  = {Virtanen, Pauli and Gommers, Ralf and Oliphant, Travis E. and Haberland, Matt and Reddy, Tyler and Cournapeau, David and Burovski, Evgeni and Peterson, Pearu and Weckesser, Warren and Bright, Jonathan and {van der Walt}, St{\'e}fan J. and Brett, Matthew and Wilson, Joshua and Millman, K. Jarrod and Mayorov, Nikolay and Nelson, Andrew R. J. and Jones, Eric and Kern, Robert and Larson, Eric and Carey, C J and Polat, {\.I}lhan and Feng, Yu and Moore, Eric W. and {VanderPlas}, Jake and Laxalde, Denis and Perktold, Josef and Cimrman, Robert and Henriksen, Ian and Quintero, E. A. and Harris, Charles R. and Archibald, Anne M. and Ribeiro, Ant{\^o}nio H. and Pedregosa, Fabian and {van Mulbregt}, Paul and {SciPy 1.0 Contributors}},
  title   = {{{SciPy} 1.0: Fundamental Algorithms for Scientific Computing in Python}},
  journal = {Nature Methods},
  year    = {2020},
  volume  = {17},
  pages   = {261--272},
  url     = {https://doi.org/10.1038/s41592-019-0686-2},
  adsurl  = {https://ui.adsabs.harvard.edu/abs/2020NatMe..17..261V},
  doi     = {10.1038/s41592-019-0686-2},
}

@article{PhysRevLett.124.113001,
  title = {Mass-Difference Measurements on Heavy Nuclides with an $\mathrm{eV}/{\mathrm{c}}^{2}$ Accuracy in the PENTATRAP Spectrometer},
  author = {Rischka, A. and Cakir, H. and Door, M. and Filianin, P. and Harman, Z. and Huang, W. J. and Indelicato, P. and Keitel, C. H. and K\"onig, C. M. and Kromer, K. and M\"uller, M. and Novikov, Y. N. and Sch\"ussler, R. X. and Schweiger, Ch. and Eliseev, S. and Blaum, K.},
  journal = {Phys. Rev. Lett.},
  volume = {124},
  issue = {11},
  pages = {113001},
  numpages = {6},
  year = {2020},
  month = {Mar},
  publisher = {American Physical Society},
  doi = {10.1103/PhysRevLett.124.113001},
  url = {https://link.aps.org/doi/10.1103/PhysRevLett.124.113001}
}

@article{Repp2012,
    author = {Repp, J. and B{\"o}hm, C. and Crespo L{\'o}pez-Urrutia, J. R. and D{\"o}rr, A. and Eliseev, S. and George, S. and Goncharov, M. and Novikov, Y. N. and Roux, C. and Sturm, S. and Ulmer, S. and Blaum, K.},
    title = {PENTATRAP: a novel cryogenic multi-Penning-trap experiment for high-precision mass measurements on highly charged ions},
    journal = {Applied Physics B},
    volume = {107},
    number = {4},
    pages = {983--996},
    year = {2012},
    doi = {10.1007/s00340-011-4823-6},
    url             = {https://doi.org/10.1007/s00340-011-4823-6},
    issn = {1432-0649},
}

@article{freirefernández2023measurement,
      title={Measurement of the Isolated Nuclear Two-Photon Decay in $^{72}\mathrm{Ge}$}, 
      author={D. Freire-Fernández and W. Korten and R. J. Chen and S. Litvinov and Yu. A. Litvinov and M. S. Sanjari and H. Weick and F. C. Akinci and H. M. Albers and M. Armstrong and A. Banerjee and K. Blaum and C. Brandau and B. A. Brown and C. G. Bruno and J. J. Carroll and X. Chen and Ch. J. Chiara and M. L. Cortes and S. F. Dellmann and I. Dillmann and D. Dmytriiev and O. Forstner and H. Geissel and J. Glorius and A. Görgen and M. Górska and C. J. Griffin and A. Gumberidze and S. Harayama and R. Hess and N. Hubbard and K. E. Ide and Ph. R. John and R. Joseph and B. Jurado and D. Kalaydjieva and K. Kanika and F. G. Kondev and P. Koseoglou and G. Kosir and Ch. Kozhuharov and I. Kulikov and G. Leckenby and B. Lorenz and J. Marsh and A. Mistry and A. Ozawa and N. Pietralla and Zs. Podolyák and M. Polettini and M. Sguazzin and R. S. Sidhu and M. Steck and Th. Stöhlker and J. A. Swartz and J. Vesic and P. M. Walker and T. Yamaguchi and R. Zidarova},
      year={2023},
      eprint={2312.11313},
      archivePrefix={arXiv},
      primaryClass={nucl-ex}
}

@article{freire_fernandez_2023_8172227,
  author       = {Freire-Fernández, David},
  title        = {{TDMchopS: A toolkit for automatic chopping of 
                   continuously acquired complex valued radio
                   frequency samples}},
  month        = 07,
  year         = 2023,
  publisher    = {Zenodo},
  version      = {v1.0.0},
  doi          = {10.5281/zenodo.8172227},
  url          = {https://doi.org/10.5281/zenodo.8172227}
}

@article{A73,
title = {Nuclear Data Sheets for A=73},
journal = {Nuclear Data Sheets},
volume = {158},
pages = {1-257},
year = {2019},
issn = {0090-3752},
doi = {https://doi.org/10.1016/j.nds.2019.02.006},
url = {https://www.sciencedirect.com/science/article/pii/S0090375219300195},
author = {Balraj Singh and Jun Chen}
}

@article{A156,
title = {Nuclear data sheets for A = 156},
journal = {Nuclear Data Sheets},
volume = {49},
number = {2},
pages = {383-477},
year = {1986},
issn = {0090-3752},
doi = {https://doi.org/10.1016/S0090-3752(86)80029-1},
url = {https://www.sciencedirect.com/science/article/pii/S0090375286800291},
author = {R.G. Helmer}
}

@article{A158,
title = {Nuclear Data Sheets for A=158},
journal = {Nuclear Data Sheets},
volume = {141},
pages = {1-326},
year = {2017},
issn = {0090-3752},
doi = {https://doi.org/10.1016/j.nds.2017.03.001},
url = {https://www.sciencedirect.com/science/article/pii/S009037521730025X},
author = {N. Nica}
}

@article{A182,
title = {Nuclear Data Sheets for A = 182},
journal = {Nuclear Data Sheets},
volume = {130},
pages = {21-126},
year = {2015},
issn = {0090-3752},
doi = {https://doi.org/10.1016/j.nds.2015.11.002},
url = {https://www.sciencedirect.com/science/article/pii/S0090375215000563},
author = {Balraj Singh}
}

@article{A186,
title = {Nuclear Data Sheets for A=186},
journal = {Nuclear Data Sheets},
volume = {183},
pages = {1-346},
year = {2022},
issn = {0090-3752},
doi = {https://doi.org/10.1016/j.nds.2022.06.001},
url = {https://www.sciencedirect.com/science/article/pii/S009037522200031X},
author = {J.C. Batchelder and A.M. Hurst and M.S. Basunia}
}

@article{A190,
title = {Nuclear Data Sheets for A=190},
journal = {Nuclear Data Sheets},
volume = {169},
pages = {1-390},
year = {2020},
issn = {0090-3752},
doi = {https://doi.org/10.1016/j.nds.2020.10.001},
url = {https://www.sciencedirect.com/science/article/pii/S0090375220300430},
author = {Balraj Singh and Jun Chen}
}

@article{A192,
title = {Nuclear Data Sheets for A = 192},
journal = {Nuclear Data Sheets},
volume = {113},
number = {8},
pages = {1871-2111},
year = {2012},
issn = {0090-3752},
doi = {https://doi.org/10.1016/j.nds.2012.08.001},
url = {https://www.sciencedirect.com/science/article/pii/S0090375212000579},
author = {Coral M. Baglin}
}

@misc{GSIWebsite,
    author = {{GSI Helmholtzzentrum für Schwerionenforschung GmbH}},
    howpublished = {\url{https://www.gsi.de/en/researchaccelerators/accelerator_facility}},
    note = {Accessed: April 7, 2024}
}

@misc{mcshahab,
  author = "Sanjari, M. Shahab",
  date = "2023",
  howpublished = "personal communication"
}